day;timestamp;product;bid_price_1;bid_volume_1;bid_price_2;bid_volume_2;bid_price_3;bid_volume_3;ask_price_1;ask_volume_1;ask_price_2;ask_volume_2;ask_price_3;ask_volume_3;mid_price;profit_and_loss
0;0;PEARLS;9998;9;9995;23;;;10005;23;;;;;10001.5;0.0
0;0;BANANAS;4893;9;4892;23;;;4899;23;;;;;4896.0;0.0
0;100;PEARLS;10002;1;10000;2;9998;4;10004;1;10005;21;;;10003.0;0.0
0;100;BANANAS;4897;1;4892;26;;;4898;22;;;;;4897.5;0.0
0;200;PEARLS;9996;1;9995;21;;;10004;1;10005;21;;;10000.0;2.0
0;200;BANANAS;4892;22;;;;;4899;22;;;;;4895.5;1.4384765625
0;300;PEARLS;9995;26;;;;;10005;26;;;;;10000.0;5.0
0;300;BANANAS;4898;1;4893;26;;;4900;26;;;;;4899.0;2.6435546875
0;400;PEARLS;9998;8;9996;2;9995;26;10004;2;10005;26;;;10001.0;5.0
0;400;BANANAS;4894;8;4893;28;;;4896;5;4899;28;;;4895.0;2.978515625
0;500;PEARLS;9998;8;9996;1;9995;23;10004;1;10005;23;;;10001.0;5.0
0;500;BANANAS;4898;1;4894;8;4893;24;4899;24;;;;;4898.5;3.0625
0;600;PEARLS;9996;2;9995;28;;;10004;2;10005;28;;;10000.0;5.0
0;600;BANANAS;4892;30;;;;;4899;30;;;;;4895.5;4.0087890625
0;700;PEARLS;9996;1;9995;22;;;10004;1;10005;22;;;10000.0;5.0
0;700;BANANAS;4891;22;;;;;4898;23;;;;;4894.5;5.56640625
0;800;PEARLS;9996;1;9995;24;;;10000;3;10004;1;10005;24;9998.0;5.0
0;800;BANANAS;4894;1;4891;25;;;4898;25;;;;;4896.0;6.0966796875
0;900;BANANAS;4892;1;4891;20;;;4898;21;;;;;4895.0;5.3505859375
0;900;PEARLS;9996;1;9995;20;;;9998;11;10004;1;10005;20;9997.0;8.0
0;1000;PEARLS;9996;1;9995;30;;;10004;1;10005;30;;;10000.0;30.0
0;1000;BANANAS;4891;31;;;;;4897;1;4898;30;;;4894.0;6.576171875
0;1100;BANANAS;4891;22;;;;;4896;6;4898;22;;;4893.5;29.9140625
0;1100;PEARLS;9996;1;9995;21;;;10002;6;10004;1;10005;21;9999.0;30.0
0;1200;PEARLS;9996;1;9995;22;;;10004;1;10005;22;;;10000.0;30.0
0;1200;BANANAS;4891;22;;;;;4898;23;;;;;4894.5;29.10546875
0;1300;BANANAS;4890;25;;;;;4897;25;;;;;4893.5;35.55859375
0;1300;PEARLS;10002;1;9995;25;;;10005;25;;;;;10003.5;30.0
0;1400;PEARLS;9995;23;;;;;10000;6;10005;23;;;9997.5;32.0
0;1400;BANANAS;4890;23;;;;;4897;23;;;;;4893.5;35.6015625
0;1500;BANANAS;4896;1;4891;1;4890;20;4897;21;;;;;4896.5;35.234375
0;1500;PEARLS;9996;1;9995;20;;;9998;4;10004;1;10005;20;9997.0;32.0
0;1600;PEARLS;9996;2;9995;28;;;10004;2;10005;28;;;10000.0;40.0
0;1600;BANANAS;4891;30;;;;;4897;30;;;;;4894.0;34.671875
0;1700;BANANAS;4890;28;;;;;4892;2;4897;28;;;4891.0;36.109375
0;1700;PEARLS;9995;28;;;;;10005;28;;;;;10000.0;40.0
0;1800;PEARLS;10000;4;9995;23;;;10002;10;10005;23;;;10001.0;40.0
0;1800;BANANAS;4890;23;;;;;4895;10;4897;23;;;4892.5;40.08203125
0;1900;BANANAS;4890;32;;;;;4891;1;4897;32;;;4890.5;42.7734375
0;1900;PEARLS;9996;2;9995;30;;;10004;2;10005;30;;;10000.0;40.0
0;2000;PEARLS;9996;2;9995;21;;;10004;2;10005;21;;;10000.0;40.0
0;2000;BANANAS;4890;23;;;;;4896;2;4897;21;;;4893.0;47.03125
0;2100;BANANAS;4890;28;;;;;4896;2;4897;26;;;4893.0;48.390625
0;2100;PEARLS;9996;2;9995;26;;;10004;2;10005;26;;;10000.0;40.0
0;2200;PEARLS;9996;1;9995;20;;;9998;4;10004;1;10005;20;9997.0;40.0
0;2200;BANANAS;4890;1;4889;20;;;4896;21;;;;;4893.0;49.94921875
0;2300;PEARLS;9996;2;9995;22;;;10004;2;10005;22;;;10000.0;48.0
0;2300;BANANAS;4890;2;4889;22;;;4892;1;4896;24;;;4891.0;50.73046875
0;2400;PEARLS;9996;2;9995;20;;;10004;2;10005;20;;;10000.0;48.0
0;2400;BANANAS;4890;2;4889;20;;;4896;22;;;;;4893.0;50.609375
0;2500;PEARLS;9998;3;9996;2;9995;21;10004;2;10005;21;;;10001.0;48.0
0;2500;BANANAS;4891;3;4890;23;;;4896;2;4897;21;;;4893.5;47.66796875
0;2600;PEARLS;10002;1;9996;1;9995;29;10004;1;10005;29;;;10003.0;48.0
0;2600;BANANAS;4890;1;4889;29;;;4894;4;4896;30;;;4892.0;50.5703125
0;2700;PEARLS;9998;7;9996;2;9995;21;10004;2;10005;21;;;10001.0;50.0
0;2700;BANANAS;4890;9;4889;21;;;4896;23;;;;;4893.0;50.67578125
0;2800;PEARLS;9995;27;;;;;10005;27;;;;;10000.0;50.0
0;2800;BANANAS;4890;27;;;;;4897;27;;;;;4893.5;46.546875
0;2900;PEARLS;9996;2;9995;20;;;10004;2;10005;20;;;10000.0;50.0
0;2900;BANANAS;4891;22;;;;;4897;22;;;;;4894.0;41.43359375
0;3000;PEARLS;9996;1;9995;29;;;10004;1;10005;29;;;10000.0;50.0
0;3000;BANANAS;4896;1;4891;30;;;4897;30;;;;;4896.5;41.10546875
0;3100;PEARLS;9998;5;9996;1;9995;27;10004;1;10005;27;;;10001.0;50.0
0;3100;BANANAS;4892;6;4891;28;;;4897;1;4898;27;;;4894.5;40.46875
0;3200;PEARLS;10002;2;9995;24;;;10005;24;;;;;10003.5;50.0
0;3200;BANANAS;4891;24;;;;;4898;24;;;;;4894.5;35.6796875
0;3300;PEARLS;10002;1;9996;1;9995;24;10004;1;10005;24;;;10003.0;54.0
0;3300;BANANAS;4891;25;;;;;4897;1;4898;24;;;4894.0;38.984375
0;3400;PEARLS;9998;10;9996;2;9995;27;10004;2;10005;27;;;10001.0;56.0
0;3400;BANANAS;4892;10;4891;29;;;4897;2;4898;27;;;4894.5;38.91015625
0;3500;PEARLS;9995;26;;;;;10002;10;10005;26;;;9998.5;56.0
0;3500;BANANAS;4894;4;4891;26;;;4896;10;4898;26;;;4895.0;38.90234375
0;3600;PEARLS;9995;27;;;;;10002;8;10005;27;;;9998.5;56.0
0;3600;BANANAS;4891;27;;;;;4896;8;4898;27;;;4893.5;39.86328125
0;3700;PEARLS;9998;3;9995;25;;;10005;25;;;;;10001.5;56.0
0;3700;BANANAS;4893;4;4892;25;;;4898;25;;;;;4895.5;33.1640625
0;3800;PEARLS;9995;24;;;;;10005;24;;;;;10000.0;56.0
0;3800;BANANAS;4892;24;;;;;4899;24;;;;;4895.5;31.09765625
0;3900;PEARLS;9996;2;9995;24;;;10004;2;10005;24;;;10000.0;56.0
0;3900;BANANAS;4892;26;;;;;4898;26;;;;;4895.0;33.2265625
0;4000;PEARLS;10002;1;9996;1;9995;30;10004;1;10005;30;;;10003.0;56.0
0;4000;BANANAS;4891;30;;;;;4898;31;;;;;4894.5;35.015625
0;4100;PEARLS;10000;5;9996;2;9995;22;10002;4;10004;2;10005;22;10001.0;58.0
0;4100;BANANAS;4892;24;;;;;4897;4;4899;24;;;4894.5;28.79296875
0;4200;PEARLS;10002;5;9996;1;9995;28;10004;1;10005;28;;;10003.0;58.0
0;4200;BANANAS;4893;1;4892;28;;;4899;29;;;;;4896.0;26.87890625
0;4300;PEARLS;9995;26;;;;;10002;8;10005;26;;;9998.5;68.0
0;4300;BANANAS;4892;26;;;;;4897;8;4899;26;;;4894.5;27.56640625
0;4400;PEARLS;9995;28;;;;;10005;28;;;;;10000.0;68.0
0;4400;BANANAS;4892;28;;;;;4899;28;;;;;4895.5;26.9296875
0;4500;PEARLS;9995;26;;;;;10005;26;;;;;10000.0;68.0
0;4500;BANANAS;4892;26;;;;;4899;26;;;;;4895.5;26.59765625
0;4600;PEARLS;9995;21;;;;;10005;21;;;;;10000.0;68.0
0;4600;BANANAS;4892;21;;;;;4899;21;;;;;4895.5;27.28125
0;4700;PEARLS;9998;5;9995;26;;;10005;26;;;;;10001.5;68.0
0;4700;BANANAS;4893;5;4892;26;;;4899;26;;;;;4896.0;27.734375
0;4800;PEARLS;9996;1;9995;22;;;10004;1;10005;22;;;10000.0;68.0
0;4800;BANANAS;4898;1;4893;1;4892;22;4899;23;;;;;4898.5;26.37890625
0;4900;PEARLS;9996;2;9995;22;;;10004;2;10005;22;;;10000.0;68.0
0;4900;BANANAS;4893;24;;;;;4899;24;;;;;4896.0;25.44921875
0;5000;PEARLS;9998;9;9996;1;9995;30;10004;1;10005;30;;;10001.0;68.0
0;5000;BANANAS;4893;10;4892;30;;;4899;31;;;;;4896.0;39.19580078125
0;5100;PEARLS;9995;26;;;;;10005;26;;;;;10000.0;68.0
0;5100;BANANAS;4893;26;;;;;4899;26;;;;;4896.0;38.9765625
0;5200;PEARLS;10000;5;9998;7;9996;2;10004;2;10005;23;;;10002.0;68.0
0;5200;BANANAS;4894;7;4893;25;;;4900;25;;;;;4897.0;38.58251953125
0;5300;BANANAS;4893;22;;;;;4900;22;;;;;4896.5;38.375
0;5300;PEARLS;9995;22;;;;;9998;12;10005;22;;;9996.5;68.0
0;5400;BANANAS;4894;30;;;;;4901;30;;;;;4897.5;37.4228515625
0;5400;PEARLS;9995;30;;;;;10005;30;;;;;10000.0;92.0
0;5500;PEARLS;9996;1;9995;28;;;10004;1;10005;28;;;10000.0;95.0
0;5500;BANANAS;4895;1;4894;28;;;4901;29;;;;;4898.0;73.703125
0;5600;PEARLS;9998;2;9996;2;9995;23;10004;2;10005;23;;;10001.0;101.0
0;5600;BANANAS;4896;2;4895;25;;;4901;2;4902;23;;;4898.5;65.5625
0;5700;BANANAS;4899;4;4895;31;;;4901;31;;;;;4900.0;69.4921875
0;5700;PEARLS;9996;1;9995;30;;;10004;1;10005;30;;;10000.0;101.0
0;5800;BANANAS;4894;30;;;;;4897;2;4901;30;;;4895.5;75.0859375
0;5800;PEARLS;9996;2;9995;28;;;10004;2;10005;28;;;10000.0;101.0
0;5900;PEARLS;9996;2;9995;21;;;10004;2;10005;21;;;10000.0;101.0
0;5900;BANANAS;4895;23;;;;;4901;23;;;;;4898.0;69.25
0;6000;PEARLS;9995;30;;;;;10002;10;10005;30;;;9998.5;101.0
0;6000;BANANAS;4894;30;;;;;4899;10;4901;30;;;4896.5;71.625
0;6100;BANANAS;4895;1;4894;24;;;4901;25;;;;;4898.0;72.9453125
0;6100;PEARLS;9996;1;9995;24;;;10004;1;10005;24;;;10000.0;101.0
0;6200;BANANAS;4900;1;4895;4;4894;29;4901;30;;;;;4900.5;73.1328125
0;6200;PEARLS;9998;3;9996;1;9995;29;10004;1;10005;29;;;10001.0;101.0
0;6300;PEARLS;9995;22;;;;;10005;22;;;;;10000.0;101.0
0;6300;BANANAS;4894;22;;;;;4897;3;4901;22;;;4895.5;80.046875
0;6400;PEARLS;9996;1;9995;23;;;10002;6;10004;1;10005;23;9999.0;101.0
0;6400;BANANAS;4894;24;;;;;4897;2;4899;6;4901;24;4895.5;78.140625
0;6500;BANANAS;4894;22;;;;;4901;22;;;;;4897.5;74.9453125
0;6500;PEARLS;9995;22;;;;;10005;22;;;;;10000.0;101.0
0;6600;BANANAS;4894;29;;;;;4901;29;;;;;4897.5;78.5390625
0;6600;PEARLS;9996;2;9995;27;;;10004;2;10005;27;;;10000.0;101.0
0;6700;PEARLS;9996;1;9995;30;;;10004;1;10005;30;;;10000.0;101.0
0;6700;BANANAS;4894;31;;;;;4900;1;4901;30;;;4897.0;81.15625
0;6800;PEARLS;10000;5;9996;2;9995;29;10004;2;10005;29;;;10002.0;104.0
0;6800;BANANAS;4893;30;;;;;4899;2;4900;29;;;4896.0;97.9140625
0;6900;PEARLS;9996;2;9995;27;;;10004;2;10005;27;;;10000.0;104.0
0;6900;BANANAS;4893;29;;;;;4900;29;;;;;4896.5;94.4765625
0;7000;PEARLS;9996;1;9995;30;;;10004;1;10005;30;;;10000.0;104.0
0;7000;BANANAS;4894;1;4893;30;;;4900;31;;;;;4897.0;89.0078125
0;7100;PEARLS;9996;1;9995;30;;;9998;5;10002;7;10004;1;9997.0;104.0
0;7100;BANANAS;4893;31;;;;;4898;7;4900;31;;;4895.5;92.0859375
0;7200;PEARLS;9996;1;9995;22;;;10002;1;10004;1;10005;22;9999.0;114.0
0;7200;BANANAS;4893;23;;;;;4898;2;4899;1;4900;22;4895.5;97.9296875
0;7300;PEARLS;9996;1;9995;25;;;10004;1;10005;25;;;10000.0;135.0
0;7300;BANANAS;4893;26;;;;;4900;26;;;;;4896.5;96.6171875
0;7400;PEARLS;10002;1;9995;22;;;10005;22;;;;;10003.5;135.0
0;7400;BANANAS;4894;22;;;;;4901;22;;;;;4897.5;83.3046875
0;7500;PEARLS;9995;29;;;;;10005;29;;;;;10000.0;137.0
0;7500;BANANAS;4894;29;;;;;4901;29;;;;;4897.5;75.4921875
0;7600;PEARLS;10002;1;9995;27;;;10005;27;;;;;10003.5;137.0
0;7600;BANANAS;4894;27;;;;;4901;27;;;;;4897.5;72.34375
0;7700;PEARLS;9996;1;9995;25;;;10002;5;10004;1;10005;25;9999.0;139.0
0;7700;BANANAS;4894;26;;;;;4899;5;4901;26;;;4896.5;74.7109375
0;7800;PEARLS;9995;23;;;;;10005;23;;;;;10000.0;139.0
0;7800;BANANAS;4894;23;;;;;4901;23;;;;;4897.5;73.28125
0;7900;PEARLS;9996;2;9995;22;;;10002;7;10004;2;10005;22;9999.0;139.0
0;7900;BANANAS;4895;24;;;;;4900;7;4901;2;4902;22;4897.5;67.2890625
0;8000;PEARLS;10000;3;9996;2;9995;28;10004;2;10005;28;;;10002.0;139.0
0;8000;BANANAS;4901;1;4896;30;;;4902;30;;;;;4901.5;51.5859375
0;8100;PEARLS;9995;25;;;;;10005;25;;;;;10000.0;139.0
0;8100;BANANAS;4896;25;;;;;4902;25;;;;;4899.0;50.96875
0;8200;PEARLS;9996;2;9995;25;;;10004;2;10005;25;;;10000.0;139.0
0;8200;BANANAS;4899;4;4896;27;;;4903;27;;;;;4901.0;40.4609375
0;8300;PEARLS;9998;9;9995;28;;;10005;28;;;;;10001.5;142.0
0;8300;BANANAS;4897;9;4896;28;;;4903;28;;;;;4900.0;37.3125
0;8400;PEARLS;9998;5;9995;29;;;10005;29;;;;;10001.5;142.0
0;8400;BANANAS;4898;5;4897;29;;;4904;29;;;;;4901.0;32.65625
0;8500;PEARLS;9996;2;9995;25;;;10004;2;10005;25;;;10000.0;142.0
0;8500;BANANAS;4901;3;4897;2;4896;25;4903;27;;;;;4902.0;38.0859375
0;8600;PEARLS;9996;2;9995;27;;;10004;2;10005;27;;;10000.0;142.0
0;8600;BANANAS;4896;29;;;;;4903;29;;;;;4899.5;46.8046875
0;8700;PEARLS;9996;2;9995;22;;;10004;2;10005;22;;;10000.0;142.0
0;8700;BANANAS;4901;1;4896;24;;;4903;24;;;;;4902.0;43.9921875
0;8800;PEARLS;9996;1;9995;30;;;10004;1;10005;30;;;10000.0;142.0
0;8800;BANANAS;4896;31;;;;;4902;1;4903;30;;;4899.0;48.984375
0;8900;PEARLS;9995;26;;;;;10005;26;;;;;10000.0;142.0
0;8900;BANANAS;4896;26;;;;;4903;26;;;;;4899.5;50.265625
0;9000;PEARLS;9995;23;;;;;10005;23;;;;;10000.0;142.0
0;9000;BANANAS;4895;23;;;;;4902;23;;;;;4898.5;55.3125
0;9100;PEARLS;9995;22;;;;;9998;1;10005;22;;;9996.5;142.0
0;9100;BANANAS;4896;22;;;;;4897;5;4903;22;;;4896.5;45.1484375
0;9200;PEARLS;9996;2;9995;25;;;10004;2;10005;25;;;10000.0;177.0
0;9200;BANANAS;4896;27;;;;;4903;27;;;;;4899.5;56.94921875
0;9300;PEARLS;10002;11;9998;1;9996;1;10004;1;10005;29;;;10003.0;177.0
0;9300;BANANAS;4896;2;4895;29;;;4902;30;;;;;4899.0;63.5703125
0;9400;PEARLS;10002;1;9996;2;9995;28;10004;2;10005;28;;;10003.0;199.0
0;9400;BANANAS;4895;30;;;;;4902;30;;;;;4898.5;66.98046875
0;9500;PEARLS;10002;1;9996;2;9995;24;10004;2;10005;24;;;10003.0;201.0
0;9500;BANANAS;4896;26;;;;;4902;2;4903;24;;;4899.0;60.4765625
0;9600;PEARLS;9996;1;9995;20;;;10002;6;10004;1;10005;20;9999.0;203.0
0;9600;BANANAS;4896;21;;;;;4900;6;4902;21;;;4898.0;61.73046875
0;9700;BANANAS;4896;31;;;;;4902;1;4903;30;;;4899.0;59.9453125
0;9700;PEARLS;9996;1;9995;30;;;10000;4;10004;1;10005;30;9998.0;203.0
0;9800;PEARLS;9998;1;9996;2;9995;24;10004;2;10005;24;;;10001.0;203.0
0;9800;BANANAS;4896;1;4895;26;;;4902;26;;;;;4899.0;65.671875
0;9900;BANANAS;4895;24;;;;;4896;9;4902;24;;;4895.5;64.703125
0;9900;PEARLS;9995;24;;;;;10005;24;;;;;10000.0;203.0
0;10000;PEARLS;9995;27;;;;;10005;27;;;;;10000.0;203.0
0;10000;BANANAS;4895;27;;;;;4902;27;;;;;4898.5;90.3095703125
0;10100;BANANAS;4895;21;;;;;4902;21;;;;;4898.5;90.037109375
0;10100;PEARLS;10002;4;9996;1;9995;20;10004;1;10005;20;;;10003.0;203.0
0;10200;PEARLS;9995;20;;;;;10005;20;;;;;10000.0;211.0
0;10200;BANANAS;4895;20;;;;;4902;20;;;;;4898.5;91.333984375
0;10300;BANANAS;4895;25;;;;;4901;1;4902;24;;;4898.0;91.21484375
0;10300;PEARLS;9996;1;9995;24;;;10004;1;10005;24;;;10000.0;211.0
0;10400;PEARLS;9995;25;;;;;10005;25;;;;;10000.0;214.0
0;10400;BANANAS;4895;25;;;;;4902;25;;;;;4898.5;90.591796875
0;10500;BANANAS;4895;26;;;;;4901;26;;;;;4898.0;91.927734375
0;10500;PEARLS;9995;26;;;;;10005;26;;;;;10000.0;214.0
0;10600;PEARLS;9995;20;;;;;10005;20;;;;;10000.0;214.0
0;10600;BANANAS;4895;20;;;;;4902;20;;;;;4898.5;90.90625
0;10700;BANANAS;4895;24;;;;;4902;24;;;;;4898.5;91.3583984375
0;10700;PEARLS;9995;24;;;;;9998;3;10005;24;;;9996.5;214.0
0;10800;PEARLS;9995;23;;;;;10002;1;10005;23;;;9998.5;220.0
0;10800;BANANAS;4895;23;;;;;4900;1;4902;23;;;4897.5;91.10546875
0;10900;BANANAS;4895;1;4894;22;;;4901;23;;;;;4898.0;92.712890625
0;10900;PEARLS;9996;1;9995;22;;;10000;6;10004;1;10005;22;9998.0;220.0
0;11000;PEARLS;9996;1;9995;26;;;10004;1;10005;26;;;10000.0;220.0
0;11000;BANANAS;4894;27;;;;;4895;9;4900;1;4901;26;4894.5;94.41796875
0;11100;BANANAS;4894;31;;;;;4899;1;4900;1;4901;30;4896.5;94.7158203125
0;11100;PEARLS;9996;1;9995;30;;;10002;1;10004;1;10005;30;9999.0;220.0
0;11200;PEARLS;9996;2;9995;28;;;10004;2;10005;28;;;10000.0;220.0
0;11200;BANANAS;4894;30;;;;;4901;30;;;;;4897.5;93.564453125
0;11300;PEARLS;9996;2;9995;25;;;10002;2;10004;2;10005;25;9999.0;220.0
0;11300;BANANAS;4894;27;;;;;4899;2;4900;2;4901;25;4896.5;94.783203125
0;11400;PEARLS;9995;30;;;;;10005;30;;;;;10000.0;220.0
0;11400;BANANAS;4894;30;;;;;4901;30;;;;;4897.5;94.35546875
0;11500;PEARLS;9996;1;9995;28;;;10004;1;10005;28;;;10000.0;220.0
0;11500;BANANAS;4894;1;4893;28;;;4900;29;;;;;4897.0;95.890625
0;11600;PEARLS;9996;2;9995;22;;;10004;2;10005;22;;;10000.0;220.0
0;11600;BANANAS;4893;2;4892;22;;;4899;24;;;;;4896.0;98.232421875
0;11700;PEARLS;10000;4;9996;2;9995;20;10004;2;10005;20;;;10002.0;220.0
0;11700;BANANAS;4893;22;;;;;4899;2;4900;20;;;4896.0;97.42578125
0;11800;PEARLS;9998;10;9996;1;9995;21;10004;1;10005;21;;;10001.0;220.0
0;11800;BANANAS;4894;10;4893;22;;;4900;22;;;;;4897.0;96.70703125
0;11900;PEARLS;10002;1;10000;4;9998;1;10004;1;10005;22;;;10003.0;220.0
0;11900;BANANAS;4894;1;4893;23;;;4900;23;;;;;4897.0;96.4296875
0;12000;PEARLS;9996;1;9995;27;;;10004;1;10005;27;;;10000.0;222.0
0;12000;BANANAS;4893;28;;;;;4900;28;;;;;4896.5;96.544921875
0;12100;PEARLS;9996;2;9995;23;;;9998;8;10004;2;10005;23;9997.0;222.0
0;12100;BANANAS;4894;2;4893;23;;;4900;25;;;;;4897.0;95.630859375
0;12200;PEARLS;9996;2;9995;23;;;10004;2;10005;23;;;10000.0;238.0
0;12200;BANANAS;4894;2;4893;23;;;4900;25;;;;;4897.0;95.7294921875
0;12300;PEARLS;9996;1;9995;24;;;10002;3;10004;1;10005;24;9999.0;238.0
0;12300;BANANAS;4893;25;;;;;4898;3;4900;25;;;4895.5;96.302734375
0;12400;PEARLS;10002;1;9998;5;9995;29;10005;29;;;;;10003.5;238.0
0;12400;BANANAS;4894;5;4893;29;;;4900;29;;;;;4897.0;97.1328125
0;12500;PEARLS;10000;3;9996;1;9995;22;10004;1;10005;22;;;10002.0;240.0
0;12500;BANANAS;4892;23;;;;;4899;23;;;;;4895.5;99.947265625
0;12600;PEARLS;10000;4;9995;26;;;10005;26;;;;;10002.5;240.0
0;12600;BANANAS;4892;26;;;;;4899;26;;;;;4895.5;100.1953125
0;12700;PEARLS;10002;1;9996;1;9995;27;10004;1;10005;27;;;10003.0;240.0
0;12700;BANANAS;4892;28;;;;;4897;1;4899;28;;;4894.5;99.615234375
0;12800;PEARLS;10000;4;9996;2;9995;28;10002;9;10004;2;10005;28;10001.0;242.0
0;12800;BANANAS;4892;30;;;;;4896;9;4898;30;;;4894.0;101.1787109375
0;12900;PEARLS;9996;2;9995;21;;;10002;4;10004;2;10005;21;9999.0;242.0
0;12900;BANANAS;4892;23;;;;;4897;4;4898;2;4899;21;4894.5;100.70703125
0;13000;PEARLS;9996;2;9995;30;;;10002;2;10004;2;10005;30;9999.0;242.0
0;13000;BANANAS;4892;32;;;;;4897;2;4899;32;;;4894.5;99.22265625
0;13100;PEARLS;9995;21;;;;;10000;2;10005;21;;;9997.5;242.0
0;13100;BANANAS;4892;21;;;;;4899;21;;;;;4895.5;99.59765625
0;13200;PEARLS;9998;9;9996;2;9995;29;10004;2;10005;29;;;10001.0;242.0
0;13200;BANANAS;4897;1;4893;9;4892;31;4899;31;;;;;4898.0;99.775390625
0;13300;PEARLS;10002;2;9996;1;9995;22;10004;1;10005;22;;;10003.0;242.0
0;13300;BANANAS;4893;1;4892;22;;;4899;23;;;;;4896.0;98.4189453125
0;13400;PEARLS;9995;26;;;;;10005;26;;;;;10000.0;246.0
0;13400;BANANAS;4893;26;;;;;4900;26;;;;;4896.5;96.5498046875
0;13500;PEARLS;9996;1;9995;24;;;10004;1;10005;24;;;10000.0;246.0
0;13500;BANANAS;4897;5;4893;25;;;4900;25;;;;;4898.5;96.529296875
0;13600;PEARLS;9996;2;9995;24;;;10002;6;10004;2;10005;24;9999.0;246.0
0;13600;BANANAS;4893;26;;;;;4898;6;4899;2;4900;24;4895.5;97.677734375
0;13700;PEARLS;10002;1;9995;28;;;10005;28;;;;;10003.5;246.0
0;13700;BANANAS;4897;2;4893;28;;;4899;28;;;;;4898.0;97.98046875
0;13800;PEARLS;9998;1;9995;23;;;10005;23;;;;;10001.5;248.0
0;13800;BANANAS;4894;1;4893;23;;;4900;23;;;;;4897.0;97.7744140625
0;13900;PEARLS;9996;1;9995;20;;;10004;1;10005;20;;;10000.0;248.0
0;13900;BANANAS;4893;21;;;;;4900;21;;;;;4896.5;96.8076171875
0;14000;PEARLS;10002;6;9998;1;9996;1;10004;1;10005;28;;;10003.0;248.0
0;14000;BANANAS;4894;30;;;;;4900;29;;;;;4897.0;95.134765625
0;14100;PEARLS;9996;2;9995;20;;;10002;4;10004;2;10005;20;9999.0;250.0
0;14100;BANANAS;4894;2;4893;20;;;4898;4;4900;22;;;4896.0;95.556640625
0;14200;PEARLS;9995;21;;;;;10005;21;;;;;10000.0;250.0
0;14200;BANANAS;4893;21;;;;;4900;21;;;;;4896.5;95.345703125
0;14300;BANANAS;4898;2;4894;22;;;4900;22;;;;;4899.0;94.9384765625
0;14300;PEARLS;9996;1;9995;21;;;10004;1;10005;21;;;10000.0;250.0
0;14400;BANANAS;4894;22;;;;;4901;23;;;;;4897.5;93.6875
0;14400;PEARLS;10002;4;9996;2;9995;21;10004;2;10005;21;;;10003.0;250.0
0;14500;PEARLS;9996;1;9995;28;;;10002;10;10004;1;10005;28;9999.0;250.0
0;14500;BANANAS;4893;29;;;;;4898;10;4900;29;;;4895.5;99.4306640625
0;14600;PEARLS;9996;1;9995;27;;;10004;1;10005;27;;;10000.0;250.0
0;14600;BANANAS;4893;28;;;;;4894;11;4900;28;;;4893.5;99.45361328125
0;14700;BANANAS;4893;24;;;;;4900;24;;;;;4896.5;99.58740234375
0;14700;PEARLS;9996;1;9995;23;;;10004;1;10005;23;;;10000.0;250.0
0;14800;BANANAS;4894;1;4893;30;;;4896;4;4900;31;;;4895.0;99.228515625
0;14800;PEARLS;9996;1;9995;30;;;9998;1;10004;1;10005;30;9997.0;250.0
0;14900;PEARLS;9996;1;9995;25;;;10002;1;10004;1;10005;25;9999.0;252.0
0;14900;BANANAS;4893;26;;;;;4898;1;4900;26;;;4895.5;99.5048828125
0;15000;PEARLS;9996;2;9995;25;;;10004;2;10005;25;;;10000.0;252.0
0;15000;BANANAS;4893;27;;;;;4894;1;4900;27;;;4893.5;99.33544921875
0;15100;BANANAS;4894;21;;;;;4900;1;4901;20;;;4897.0;102.0
0;15100;PEARLS;9996;1;9995;20;;;9998;1;10004;1;10005;20;9997.0;252.0
0;15200;BANANAS;4894;2;4893;21;;;4898;1;4900;23;;;4896.0;102.0
0;15200;PEARLS;10000;4;9996;2;9995;21;10002;4;10004;2;10005;21;10001.0;254.0
0;15300;PEARLS;9996;2;9995;22;;;10002;7;10004;2;10005;22;9999.0;254.0
0;15300;BANANAS;4893;24;;;;;4898;7;4900;24;;;4895.5;102.0
0;15400;PEARLS;9995;30;;;;;10005;30;;;;;10000.0;254.0
0;15400;BANANAS;4893;30;;;;;4899;30;;;;;4896.0;102.0
0;15500;BANANAS;4892;25;;;;;4899;25;;;;;4895.5;127.1171875
0;15500;PEARLS;9995;25;;;;;9998;11;10005;25;;;9996.5;254.0
0;15600;BANANAS;4892;23;;;;;4899;23;;;;;4895.5;133.171875
0;15600;PEARLS;9996;1;9995;22;;;10004;1;10005;22;;;10000.0;276.0
0;15700;PEARLS;9996;2;9995;28;;;10004;2;10005;28;;;10000.0;276.0
0;15700;BANANAS;4892;30;;;;;4899;30;;;;;4895.5;130.16015625
0;15800;PEARLS;9998;6;9996;2;9995;26;10004;2;10005;26;;;10001.0;276.0
0;15800;BANANAS;4893;6;4892;28;;;4899;28;;;;;4896.0;131.4921875
0;15900;PEARLS;9996;1;9995;20;;;10002;8;10004;1;10005;20;9999.0;282.0
0;15900;BANANAS;4892;21;;;;;4897;8;4899;21;;;4894.5;130.18359375
0;16000;PEARLS;9996;2;9995;20;;;10004;2;10005;20;;;10000.0;282.0
0;16000;BANANAS;4892;22;;;;;4893;7;4899;22;;;4892.5;130.71875
0;16100;PEARLS;9996;1;9995;26;;;10004;1;10005;26;;;10000.0;282.0
0;16100;BANANAS;4893;27;;;;;4899;1;4900;26;;;4896.0;146.083984375
0;16200;PEARLS;9995;27;;;;;10002;4;10005;27;;;9998.5;282.0
0;16200;BANANAS;4893;27;;;;;4894;1;4898;7;4900;27;4893.5;144.015625
0;16300;PEARLS;9996;1;9995;21;;;10004;1;10005;21;;;10000.0;282.0
0;16300;BANANAS;4893;1;4892;21;;;4899;22;;;;;4896.0;149.6796875
0;16400;PEARLS;9996;2;9995;25;;;10002;6;10004;2;10005;25;9999.0;288.0
0;16400;BANANAS;4893;27;;;;;4898;6;4899;2;4900;25;4895.5;147.951171875
0;16500;PEARLS;9995;22;;;;;10005;22;;;;;10000.0;288.0
0;16500;BANANAS;4893;22;;;;;4900;22;;;;;4896.5;147.654296875
0;16600;PEARLS;9995;26;;;;;10005;26;;;;;10000.0;288.0
0;16600;BANANAS;4893;26;;;;;4900;26;;;;;4896.5;148.587890625
0;16700;PEARLS;10002;1;9998;2;9995;25;10005;25;;;;;10003.5;288.0
0;16700;BANANAS;4894;2;4893;25;;;4900;25;;;;;4897.0;147.35546875
0;16800;PEARLS;10000;2;9996;2;9995;25;10004;2;10005;25;;;10002.0;290.0
0;16800;BANANAS;4893;27;;;;;4900;27;;;;;4896.5;146.341796875
0;16900;PEARLS;9996;2;9995;22;;;10004;2;10005;22;;;10000.0;290.0
0;16900;BANANAS;4894;2;4893;22;;;4900;24;;;;;4897.0;145.72265625
0;17000;PEARLS;9996;1;9995;25;;;10004;1;10005;25;;;10000.0;290.0
0;17000;BANANAS;4894;1;4893;25;;;4900;26;;;;;4897.0;145.90234375
0;17100;PEARLS;9996;1;9995;26;;;10004;1;10005;26;;;10000.0;290.0
0;17100;BANANAS;4894;1;4893;26;;;4900;27;;;;;4897.0;146.078125
0;17200;PEARLS;9996;1;9995;27;;;10004;1;10005;27;;;10000.0;290.0
0;17200;BANANAS;4893;28;;;;;4900;28;;;;;4896.5;146.6328125
0;17300;PEARLS;9996;1;9995;27;;;10004;1;10005;27;;;10000.0;290.0
0;17300;BANANAS;4894;28;;;;;4900;28;;;;;4897.0;145.12890625
0;17400;PEARLS;9995;25;;;;;9998;11;10005;25;;;9996.5;290.0
0;17400;BANANAS;4893;25;;;;;4900;25;;;;;4896.5;147.0703125
0;17500;PEARLS;9996;2;9995;26;;;10004;2;10005;26;;;10000.0;318.0
0;17500;BANANAS;4894;28;;;;;4900;2;4901;26;;;4897.0;147.892578125
0;17600;PEARLS;9996;1;9995;29;;;10004;1;10005;29;;;10000.0;318.0
0;17600;BANANAS;4895;1;4894;29;;;4901;30;;;;;4898.0;144.359375
0;17700;PEARLS;9998;2;9995;22;;;10005;22;;;;;10001.5;318.0
0;17700;BANANAS;4895;2;4894;22;;;4901;22;;;;;4898.0;145.0
0;17800;PEARLS;9996;2;9995;30;;;9998;3;10002;5;10004;2;9997.0;318.0
0;17800;BANANAS;4894;32;;;;;4899;5;4901;32;;;4896.5;145.08203125
0;17900;PEARLS;9995;21;;;;;9998;1;10002;3;10005;21;9996.5;324.0
0;17900;BANANAS;4894;21;;;;;4899;2;4901;21;;;4896.5;144.30859375
0;18000;PEARLS;9995;24;;;;;10005;24;;;;;10000.0;326.0
0;18000;BANANAS;4895;24;;;;;4901;24;;;;;4898.0;142.748046875
0;18100;PEARLS;9996;2;9995;28;;;10004;2;10005;28;;;10000.0;326.0
0;18100;BANANAS;4895;30;;;;;4901;2;4902;28;;;4898.0;142.33984375
0;18200;PEARLS;9996;2;9995;23;;;10002;10;10004;2;10005;23;9999.0;326.0
0;18200;BANANAS;4895;2;4894;23;;;4899;10;4901;25;;;4897.0;143.673828125
0;18300;PEARLS;9995;20;;;;;10005;20;;;;;10000.0;329.0
0;18300;BANANAS;4894;20;;;;;4901;20;;;;;4897.5;146.1328125
0;18400;PEARLS;9996;1;9995;21;;;10004;1;10005;21;;;10000.0;329.0
0;18400;BANANAS;4899;1;4894;22;;;4900;1;4901;21;;;4899.5;147.1796875
0;18500;PEARLS;9996;2;9995;21;;;10004;2;10005;21;;;10000.0;329.0
0;18500;BANANAS;4899;1;4894;2;4893;21;4900;23;;;;;4899.5;149.94140625
0;18600;PEARLS;9996;1;9995;21;;;10004;1;10005;21;;;10000.0;329.0
0;18600;BANANAS;4894;1;4893;21;;;4900;22;;;;;4897.0;151.5625
0;18700;BANANAS;4894;30;;;;;4901;30;;;;;4897.5;149.92578125
0;18700;PEARLS;10002;1;9995;30;;;10005;30;;;;;10003.5;329.0
0;18800;PEARLS;9995;24;;;;;10002;7;10005;24;;;9998.5;331.0
0;18800;BANANAS;4895;24;;;;;4899;7;4901;24;;;4897.0;144.1796875
0;18900;BANANAS;4899;8;4894;25;;;4901;25;;;;;4900.0;146.171875
0;18900;PEARLS;10002;1;9995;25;;;10005;25;;;;;10003.5;331.0
0;19000;PEARLS;9996;1;9995;30;;;10004;1;10005;30;;;10000.0;333.0
0;19000;BANANAS;4894;31;;;;;4901;31;;;;;4897.5;148.4765625
0;19100;BANANAS;4894;23;;;;;4900;2;4901;21;;;4897.0;148.87109375
0;19100;PEARLS;9996;2;9995;21;;;10004;2;10005;21;;;10000.0;333.0
0;19200;PEARLS;9995;26;;;;;10002;1;10005;26;;;9998.5;333.0
0;19200;BANANAS;4894;26;;;;;4899;1;4901;26;;;4896.5;149.8359375
0;19300;BANANAS;4894;4;4893;23;;;4900;25;;;;;4897.0;151.88671875
0;19300;PEARLS;9996;2;9995;23;;;9998;6;10004;2;10005;23;9997.0;333.0
0;19400;PEARLS;9996;2;9995;24;;;10002;5;10004;2;10005;24;9999.0;345.0
0;19400;BANANAS;4894;26;;;;;4899;5;4900;2;4901;24;4896.5;184.6484375
0;19500;BANANAS;4894;23;;;;;4901;23;;;;;4897.5;185.021484375
0;19500;PEARLS;9995;23;;;;;10005;23;;;;;10000.0;345.0
0;19600;PEARLS;10002;1;9998;5;9996;1;10004;1;10005;26;;;10003.0;345.0
0;19600;BANANAS;4894;27;;;;;4895;4;4900;1;4901;26;4894.5;184.796875
0;19700;BANANAS;4894;2;4893;29;;;4900;31;;;;;4897.0;182.9765625
0;19700;PEARLS;9996;2;9995;29;;;10004;2;10005;29;;;10000.0;347.0
0;19800;PEARLS;9996;2;9995;26;;;10004;2;10005;26;;;10000.0;347.0
0;19800;BANANAS;4893;28;;;;;4899;2;4900;26;;;4896.0;181.11328125
0;19900;BANANAS;4893;23;;;;;4899;1;4900;22;;;4896.0;181.123046875
0;19900;PEARLS;9996;1;9995;22;;;9998;1;10004;1;10005;22;9997.0;347.0
0;20000;PEARLS;9995;26;;;;;9998;1;10005;26;;;9996.5;370.0
0;20000;BANANAS;4893;26;;;;;4894;12;4900;26;;;4893.5;180.76953125
0;20100;PEARLS;9996;1;9995;29;;;9998;4;10004;1;10005;29;9997.0;372.0
0;20100;BANANAS;4893;1;4892;29;;;4899;30;;;;;4896.0;178.85546875
0;20200;PEARLS;10002;1;9995;20;;;10005;20;;;;;10003.5;380.0
0;20200;BANANAS;4893;20;;;;;4900;20;;;;;4896.5;180.34765625
0;20300;PEARLS;10002;4;9995;24;;;10005;24;;;;;10003.5;382.0
0;20300;BANANAS;4893;24;;;;;4899;24;;;;;4896.0;179.82421875
0;20400;PEARLS;10002;2;9996;1;9995;27;10004;1;10005;27;;;10003.0;390.0
0;20400;BANANAS;4893;1;4892;27;;;4899;28;;;;;4896.0;179.642578125
0;20500;PEARLS;9998;7;9996;1;9995;25;10004;1;10005;25;;;10001.0;394.0
0;20500;BANANAS;4893;8;4892;25;;;4899;26;;;;;4896.0;179.71875
0;20600;PEARLS;9996;1;9995;24;;;9998;4;10002;5;10004;1;9997.0;394.0
0;20600;BANANAS;4892;25;;;;;4897;5;4899;25;;;4894.5;177.638671875
0;20700;PEARLS;9995;30;;;;;10005;30;;;;;10000.0;402.0
0;20700;BANANAS;4892;30;;;;;4899;30;;;;;4895.5;176.78515625
0;20800;PEARLS;9996;2;9995;24;;;10004;2;10005;24;;;10000.0;402.0
0;20800;BANANAS;4891;26;;;;;4898;26;;;;;4894.5;173.34375
0;20900;PEARLS;9996;2;9995;29;;;10004;2;10005;29;;;10000.0;402.0
0;20900;BANANAS;4891;31;;;;;4892;1;4898;31;;;4891.5;174.4140625
0;21000;PEARLS;9996;1;9995;25;;;10004;1;10005;25;;;10000.0;402.0
0;21000;BANANAS;4891;26;;;;;4892;13;4894;5;4897;1;4891.5;173.1875
0;21100;PEARLS;9995;28;;;;;10000;2;10005;28;;;9997.5;402.0
0;21100;BANANAS;4890;28;;;;;4897;28;;;;;4893.5;171.44921875
0;21200;PEARLS;9995;29;;;;;9998;1;10005;29;;;9996.5;402.0
0;21200;BANANAS;4896;1;4890;29;;;4897;29;;;;;4896.5;170.509765625
0;21300;PEARLS;9995;22;;;;;10005;22;;;;;10000.0;404.0
0;21300;BANANAS;4891;22;;;;;4897;22;;;;;4894.0;174.1669921875
0;21400;PEARLS;9996;1;9995;29;;;10004;1;10005;29;;;10000.0;404.0
0;21400;BANANAS;4891;30;;;;;4897;1;4898;29;;;4894.0;174.6591796875
0;21500;PEARLS;9996;2;9995;28;;;10004;2;10005;28;;;10000.0;404.0
0;21500;BANANAS;4892;2;4891;28;;;4898;30;;;;;4895.0;176.37109375
0;21600;PEARLS;9998;5;9996;2;9995;20;10004;2;10005;20;;;10001.0;404.0
0;21600;BANANAS;4896;1;4893;5;4892;22;4899;22;;;;;4897.5;177.96875
0;21700;PEARLS;9996;2;9995;25;;;10004;2;10005;25;;;10000.0;404.0
0;21700;BANANAS;4892;27;;;;;4899;27;;;;;4895.5;178.2861328125
0;21800;PEARLS;9996;1;9995;25;;;10004;1;10005;25;;;10000.0;404.0
0;21800;BANANAS;4893;1;4892;25;;;4899;26;;;;;4896.0;179.3583984375
0;21900;PEARLS;9995;27;;;;;10002;3;10005;27;;;9998.5;404.0
0;21900;BANANAS;4892;27;;;;;4897;3;4899;27;;;4894.5;179.23828125
0;22000;PEARLS;9996;2;9995;20;;;10004;2;10005;20;;;10000.0;404.0
0;22000;BANANAS;4892;2;4891;20;;;4898;22;;;;;4895.0;176.576171875
0;22100;PEARLS;9995;22;;;;;10005;22;;;;;10000.0;404.0
0;22100;BANANAS;4897;1;4892;22;;;4899;22;;;;;4898.0;177.251953125
0;22200;PEARLS;10002;1;9995;23;;;10005;23;;;;;10003.5;404.0
0;22200;BANANAS;4892;23;;;;;4899;23;;;;;4895.5;179.353515625
0;22300;PEARLS;9996;2;9995;28;;;10004;2;10005;28;;;10000.0;406.0
0;22300;BANANAS;4892;30;;;;;4898;30;;;;;4895.0;179.12109375
0;22400;PEARLS;9996;1;9995;23;;;10002;2;10004;1;10005;23;9999.0;406.0
0;22400;BANANAS;4891;24;;;;;4896;3;4898;24;;;4893.5;178.2451171875
0;22500;PEARLS;9998;2;9995;27;;;10005;27;;;;;10001.5;406.0
0;22500;BANANAS;4897;1;4892;2;4891;27;4898;27;;;;;4897.5;178.40234375
0;22600;PEARLS;9998;5;9996;1;9995;25;10004;1;10005;25;;;10001.0;406.0
0;22600;BANANAS;4896;1;4892;5;4891;26;4897;1;4898;25;;;4896.5;180.2900390625
0;22700;PEARLS;9996;1;9995;25;;;10002;9;10004;1;10005;25;9999.0;406.0
0;22700;BANANAS;4891;26;;;;;4896;9;4898;26;;;4893.5;182.0
0;22800;PEARLS;10002;1;9996;1;9995;26;10004;1;10005;26;;;10003.0;406.0
0;22800;BANANAS;4892;1;4891;26;;;4898;27;;;;;4895.0;182.0
0;22900;PEARLS;10002;2;9996;1;9995;22;10004;1;10005;22;;;10003.0;414.0
0;22900;BANANAS;4891;22;;;;;4898;23;;;;;4894.5;192.154296875
0;23000;BANANAS;4891;21;;;;;4896;2;4897;1;4898;20;4893.5;195.05859375
0;23000;PEARLS;9996;1;9995;20;;;10002;2;10004;1;10005;20;9999.0;418.0
0;23100;PEARLS;9996;2;9995;26;;;10004;2;10005;26;;;10000.0;418.0
0;23100;BANANAS;4891;28;;;;;4897;2;4898;26;;;4894.0;194.962890625
0;23200;PEARLS;9996;1;9995;24;;;10002;4;10004;1;10005;24;9999.0;418.0
0;23200;BANANAS;4891;24;;;;;4896;4;4897;1;4898;24;4893.5;195.28125
0;23300;BANANAS;4891;23;;;;;4893;4;4897;23;;;4892.0;196.03125
0;23300;PEARLS;9996;2;9995;21;;;10004;2;10005;21;;;10000.0;418.0
0;23400;BANANAS;4891;30;;;;;4898;30;;;;;4894.5;194.3125
0;23400;PEARLS;9996;1;9995;29;;;10004;1;10005;29;;;10000.0;418.0
0;23500;PEARLS;9996;1;9995;30;;;10004;1;10005;30;;;10000.0;418.0
0;23500;BANANAS;4896;1;4891;31;;;4898;31;;;;;4897.0;193.2265625
0;23600;PEARLS;9996;2;9995;25;;;10004;2;10005;25;;;10000.0;418.0
0;23600;BANANAS;4890;27;;;;;4891;1;4897;27;;;4890.5;197.921875
0;23700;BANANAS;4896;1;4891;1;4890;20;4897;21;;;;;4896.5;199.416015625
0;23700;PEARLS;9996;1;9995;20;;;10004;1;10005;20;;;10000.0;418.0
0;23800;BANANAS;4891;22;;;;;4898;22;;;;;4894.5;199.64453125
0;23800;PEARLS;9995;22;;;;;10005;22;;;;;10000.0;418.0
0;23900;PEARLS;9995;27;;;;;10005;27;;;;;10000.0;418.0
0;23900;BANANAS;4891;27;;;;;4897;27;;;;;4894.0;201.09765625
0;24000;PEARLS;9995;29;;;;;10005;29;;;;;10000.0;418.0
0;24000;BANANAS;4890;29;;;;;4897;29;;;;;4893.5;201.333984375
0;24100;BANANAS;4890;22;;;;;4897;22;;;;;4893.5;203.048828125
0;24100;PEARLS;9996;2;9995;20;;;10004;2;10005;20;;;10000.0;418.0
0;24200;BANANAS;4891;24;;;;;4895;7;4897;24;;;4893.0;200.861328125
0;24200;PEARLS;9996;1;9995;23;;;10002;7;10004;1;10005;23;9999.0;418.0
0;24300;PEARLS;10002;1;9995;27;;;10005;27;;;;;10003.5;418.0
0;24300;BANANAS;4890;27;;;;;4891;1;4897;27;;;4890.5;202.40234375
0;24400;PEARLS;9996;1;9995;28;;;10004;1;10005;28;;;10000.0;420.0
0;24400;BANANAS;4890;29;;;;;4897;29;;;;;4893.5;206.03515625
0;24500;PEARLS;9996;2;9995;24;;;10002;10;10004;2;10005;24;9999.0;420.0
0;24500;BANANAS;4890;26;;;;;4895;10;4896;2;4897;24;4892.5;252.7578125
0;24600;PEARLS;9996;2;9995;22;;;10002;10;10004;2;10005;22;9999.0;420.0
0;24600;BANANAS;4890;24;;;;;4892;2;4894;10;4896;24;4891.0;256.734375
0;24700;PEARLS;9996;2;9995;20;;;10004;2;10005;20;;;10000.0;420.0
0;24700;BANANAS;4893;6;4890;22;;;4896;2;4897;20;;;4894.5;254.65625
0;24800;PEARLS;9995;28;;;;;10005;28;;;;;10000.0;420.0
0;24800;BANANAS;4889;28;;;;;4892;1;4896;28;;;4890.5;265.875
0;24900;PEARLS;9998;7;9995;24;;;10005;24;;;;;10001.5;420.0
0;24900;BANANAS;4890;7;4889;24;;;4896;24;;;;;4893.0;263.4921875
0;25000;PEARLS;10002;1;9996;1;9995;27;10004;1;10005;27;;;10003.0;420.0
0;25000;BANANAS;4889;28;;;;;4896;28;;;;;4892.5;264.953125
0;25100;PEARLS;9998;8;9996;1;9995;26;10004;1;10005;26;;;10001.0;422.0
0;25100;BANANAS;4894;1;4890;9;4889;27;4896;27;;;;;4895.0;264.953125
0;25200;PEARLS;9996;2;9995;24;;;10000;4;10004;2;10005;24;9998.0;422.0
0;25200;BANANAS;4890;26;;;;;4896;26;;;;;4893.0;257.6640625
0;25300;PEARLS;9998;9;9996;1;9995;21;10004;1;10005;21;;;10001.0;422.0
0;25300;BANANAS;4890;10;4889;21;;;4896;22;;;;;4893.0;262.6953125
0;25400;PEARLS;10002;3;9996;2;9995;27;10004;2;10005;27;;;10003.0;422.0
0;25400;BANANAS;4889;29;;;;;4896;29;;;;;4892.5;269.359375
0;25500;PEARLS;9996;1;9995;23;;;10004;1;10005;23;;;10000.0;428.0
0;25500;BANANAS;4889;24;;;;;4896;24;;;;;4892.5;269.234375
0;25600;PEARLS;9995;24;;;;;10005;24;;;;;10000.0;428.0
0;25600;BANANAS;4889;24;;;;;4895;24;;;;;4892.0;275.8046875
0;25700;PEARLS;9996;1;9995;24;;;10004;1;10005;24;;;10000.0;428.0
0;25700;BANANAS;4889;25;;;;;4895;1;4896;24;;;4892.0;273.6875
0;25800;PEARLS;10002;1;9996;2;9995;27;10004;2;10005;27;;;10003.0;428.0
0;25800;BANANAS;4889;29;;;;;4895;29;;;;;4892.0;275.1796875
0;25900;PEARLS;9996;2;9995;27;;;10004;2;10005;27;;;10000.0;430.0
0;25900;BANANAS;4888;29;;;;;4895;29;;;;;4891.5;282.1328125
0;26000;PEARLS;9995;27;;;;;10005;27;;;;;10000.0;436.0
0;26000;BANANAS;4894;1;4888;27;;;4895;27;;;;;4894.5;282.75
0;26100;PEARLS;10002;1;9998;3;9996;1;10004;1;10005;24;;;10003.0;436.0
0;26100;BANANAS;4894;1;4889;4;4888;24;4895;25;;;;;4894.5;280.6171875
0;26200;PEARLS;10002;1;9996;2;9995;27;10004;2;10005;27;;;10003.0;438.0
0;26200;BANANAS;4891;3;4888;29;;;4894;2;4895;27;;;4892.5;291.734375
0;26300;PEARLS;9996;1;9995;25;;;10002;1;10004;1;10005;25;9999.0;440.0
0;26300;BANANAS;4888;26;;;;;4889;1;4893;5;4895;26;4888.5;284.890625
0;26400;PEARLS;9995;27;;;;;10005;27;;;;;10000.0;440.0
0;26400;BANANAS;4888;27;;;;;4895;27;;;;;4891.5;294.015625
0;26500;PEARLS;9996;1;9995;21;;;10004;1;10005;21;;;10000.0;440.0
0;26500;BANANAS;4888;22;;;;;4895;22;;;;;4891.5;288.3046875
0;26600;PEARLS;9996;2;9995;29;;;9998;4;10004;2;10005;29;9997.0;440.0
0;26600;BANANAS;4888;31;;;;;4894;2;4895;29;;;4891.0;294.578125
0;26700;PEARLS;9995;26;;;;;10005;26;;;;;10000.0;448.0
0;26700;BANANAS;4893;1;4888;26;;;4895;26;;;;;4894.0;294.7265625
0;26800;PEARLS;10002;1;9998;7;9995;20;10005;20;;;;;10003.5;448.0
0;26800;BANANAS;4889;7;4888;20;;;4895;20;;;;;4892.0;294.515625
0;26900;PEARLS;9995;22;;;;;10005;22;;;;;10000.0;450.0
0;26900;BANANAS;4888;22;;;;;4895;22;;;;;4891.5;283.6328125
0;27000;PEARLS;9998;2;9996;1;9995;26;10004;1;10005;26;;;10001.0;450.0
0;27000;BANANAS;4890;2;4889;27;;;4892;5;4895;27;;;4891.0;278.1875
0;27100;PEARLS;9996;2;9995;27;;;9998;1;10002;10;10004;2;9997.0;450.0
0;27100;BANANAS;4889;2;4888;27;;;4893;9;4895;29;;;4891.0;281.2890625
0;27200;PEARLS;9998;3;9996;2;9995;23;10004;2;10005;23;;;10001.0;452.0
0;27200;BANANAS;4894;1;4890;3;4889;25;4895;25;;;;;4894.5;278.46875
0;27300;PEARLS;9995;25;;;;;10002;8;10005;25;;;9998.5;452.0
0;27300;BANANAS;4889;24;;;;;4893;8;4895;25;;;4891.0;278.9765625
0;27400;PEARLS;9996;1;9995;22;;;9998;3;10004;1;10005;22;9997.0;452.0
0;27400;BANANAS;4889;23;;;;;4895;23;;;;;4892.0;279.453125
0;27500;BANANAS;4888;30;;;;;4895;30;;;;;4891.5;284.4453125
0;27500;PEARLS;9995;30;;;;;10005;30;;;;;10000.0;458.0
0;27600;PEARLS;9996;2;9995;26;;;10002;4;10004;2;10005;26;9999.0;458.0
0;27600;BANANAS;4888;28;;;;;4893;3;4895;28;;;4890.5;284.6875
0;27700;BANANAS;4888;32;;;;;4895;32;;;;;4891.5;285.0625
0;27700;PEARLS;9996;2;9995;30;;;10004;2;10005;30;;;10000.0;458.0
0;27800;PEARLS;9998;2;9996;2;9995;20;10004;2;10005;20;;;10001.0;458.0
0;27800;BANANAS;4889;5;4888;22;;;4894;2;4895;20;;;4891.5;292.3671875
0;27900;BANANAS;4888;29;;;;;4895;29;;;;;4891.5;291.3046875
0;27900;PEARLS;9995;29;;;;;10005;29;;;;;10000.0;458.0
0;28000;PEARLS;9995;22;;;;;10005;22;;;;;10000.0;458.0
0;28000;BANANAS;4888;22;;;;;4894;22;;;;;4891.0;294.921875
0;28100;BANANAS;4888;21;;;;;4895;21;;;;;4891.5;287.328125
0;28100;PEARLS;9996;1;9995;20;;;10004;1;10005;20;;;10000.0;458.0
0;28200;PEARLS;9995;23;;;;;10005;23;;;;;10000.0;467.0
0;28200;BANANAS;4887;23;;;;;4890;1;4894;23;;;4888.5;300.015625
0;28300;BANANAS;4888;30;;;;;4894;30;;;;;4891.0;296.328125
0;28300;PEARLS;9996;2;9995;28;;;10004;2;10005;28;;;10000.0;467.0
0;28400;PEARLS;9995;20;;;;;10002;8;10005;20;;;9998.5;467.0
0;28400;BANANAS;4887;20;;;;;4892;8;4894;20;;;4889.5;305.5078125
0;28500;BANANAS;4887;30;;;;;4888;1;4894;30;;;4887.5;304.296875
0;28500;PEARLS;9996;2;9995;28;;;10004;2;10005;28;;;10000.0;467.0
0;28600;PEARLS;9996;2;9995;26;;;10000;5;10002;5;10004;2;9998.0;467.0
0;28600;BANANAS;4887;28;;;;;4888;1;4892;5;4894;28;4887.5;333.9892578125
0;28700;BANANAS;4888;7;4887;24;;;4893;2;4894;22;;;4890.5;333.1884765625
0;28700;PEARLS;9998;8;9996;2;9995;22;10004;2;10005;22;;;10001.0;467.0
0;28800;PEARLS;9995;21;;;;;10002;8;10005;21;;;9998.5;467.0
0;28800;BANANAS;4886;21;;;;;4891;8;4893;21;;;4888.5;332.5751953125
0;28900;BANANAS;4887;23;;;;;4892;5;4893;1;4894;22;4889.5;333.2216796875
0;28900;PEARLS;9996;1;9995;22;;;10002;5;10004;1;10005;22;9999.0;467.0
0;29000;PEARLS;10002;1;9996;2;9995;24;10004;2;10005;24;;;10003.0;467.0
0;29000;BANANAS;4887;26;;;;;4893;2;4894;24;;;4890.0;333.5068359375
0;29100;PEARLS;9995;23;;;;;10002;2;10005;23;;;9998.5;469.0
0;29100;BANANAS;4887;23;;;;;4892;2;4894;23;;;4889.5;333.54296875
0;29200;PEARLS;9996;1;9995;22;;;10004;1;10005;22;;;10000.0;469.0
0;29200;BANANAS;4887;23;;;;;4894;23;;;;;4890.5;334.1435546875
0;29300;PEARLS;9996;1;9995;22;;;10004;1;10005;22;;;10000.0;469.0
0;29300;BANANAS;4893;1;4888;1;4887;22;4894;23;;;;;4893.5;334.607421875
0;29400;PEARLS;9996;2;9995;23;;;10002;4;10004;2;10005;23;9999.0;469.0
0;29400;BANANAS;4888;2;4887;23;;;4892;5;4894;25;;;4890.0;336.853515625
0;29500;PEARLS;9998;6;9995;20;;;10005;20;;;;;10001.5;469.0
0;29500;BANANAS;4889;5;4888;20;;;4894;20;;;;;4891.5;336.99560546875
0;29600;PEARLS;9996;1;9995;26;;;10000;4;10004;1;10005;26;9998.0;469.0
0;29600;BANANAS;4888;1;4887;26;;;4894;27;;;;;4891.0;336.8076171875
0;29700;PEARLS;9996;1;9995;22;;;10002;7;10004;1;10005;22;9999.0;469.0
0;29700;BANANAS;4888;23;;;;;4892;7;4894;23;;;4890.0;336.94189453125
0;29800;PEARLS;9995;25;;;;;10005;25;;;;;10000.0;469.0
0;29800;BANANAS;4893;1;4887;25;;;4894;25;;;;;4893.5;336.63818359375
0;29900;PEARLS;9996;2;9995;30;;;10004;2;10005;30;;;10000.0;484.0
0;29900;BANANAS;4887;32;;;;;4894;32;;;;;4890.5;339.0
0;30000;PEARLS;9998;10;9996;2;9995;23;10004;2;10005;23;;;10001.0;484.0
0;30000;BANANAS;4888;10;4887;25;;;4894;25;;;;;4891.0;365.8828125
0;30100;PEARLS;9996;1;9995;20;;;10004;1;10005;20;;;10000.0;484.0
0;30100;BANANAS;4887;21;;;;;4894;21;;;;;4890.5;366.0546875
0;30200;PEARLS;9996;2;9995;28;;;9998;1;10002;8;10004;2;9997.0;484.0
0;30200;BANANAS;4887;30;;;;;4889;2;4892;8;4894;30;4888.0;366.265625
0;30300;PEARLS;10002;4;9996;2;9995;29;10004;2;10005;29;;;10003.0;486.0
0;30300;BANANAS;4888;2;4887;29;;;4894;31;;;;;4891.0;365.625
0;30400;PEARLS;9995;30;;;;;10005;30;;;;;10000.0;494.0
0;30400;BANANAS;4887;30;;;;;4894;30;;;;;4890.5;365.296875
0;30500;PEARLS;9996;2;9995;28;;;10004;2;10005;28;;;10000.0;494.0
0;30500;BANANAS;4887;30;;;;;4893;2;4894;28;;;4890.0;373.75
0;30600;PEARLS;10002;1;9996;2;9995;30;10004;2;10005;30;;;10003.0;494.0
0;30600;BANANAS;4887;2;4886;30;;;4893;32;;;;;4890.0;380.7734375
0;30700;PEARLS;9996;2;9995;27;;;10004;2;10005;27;;;10000.0;508.0
0;30700;BANANAS;4887;29;;;;;4893;29;;;;;4890.0;378.1484375
0;30800;PEARLS;9998;8;9996;2;9995;29;10004;2;10005;29;;;10001.0;508.0
0;30800;BANANAS;4888;8;4887;31;;;4893;31;;;;;4890.5;379.125
0;30900;PEARLS;9995;21;;;;;10005;21;;;;;10000.0;508.0
0;30900;BANANAS;4886;21;;;;;4893;21;;;;;4889.5;381.875
0;31000;PEARLS;9996;2;9995;26;;;10002;2;10004;2;10005;26;9999.0;508.0
0;31000;BANANAS;4887;28;;;;;4892;2;4893;2;4894;26;4889.5;377.5234375
0;31100;PEARLS;10002;1;9995;23;;;10005;23;;;;;10003.5;508.0
0;31100;BANANAS;4892;1;4887;23;;;4893;23;;;;;4892.5;378.390625
0;31200;PEARLS;9996;1;9995;21;;;10002;6;10004;1;10005;21;9999.0;510.0
0;31200;BANANAS;4886;21;;;;;4891;7;4893;22;;;4888.5;380.71875
0;31300;PEARLS;9996;2;9995;20;;;10004;2;10005;20;;;10000.0;510.0
0;31300;BANANAS;4887;2;4886;20;;;4893;22;;;;;4890.0;380.5
0;31400;PEARLS;9995;22;;;;;10005;22;;;;;10000.0;510.0
0;31400;BANANAS;4887;22;;;;;4892;3;4894;22;;;4889.5;373.546875
0;31500;PEARLS;9996;1;9995;21;;;10004;1;10005;21;;;10000.0;510.0
0;31500;BANANAS;4887;22;;;;;4894;22;;;;;4890.5;368.2734375
0;31600;PEARLS;9995;24;;;;;9998;3;10005;24;;;9996.5;510.0
0;31600;BANANAS;4888;24;;;;;4894;24;;;;;4891.0;360.96875
0;31700;PEARLS;9995;29;;;;;10002;3;10005;29;;;9998.5;516.0
0;31700;BANANAS;4887;29;;;;;4892;4;4894;29;;;4889.5;365.703125
0;31800;PEARLS;9996;2;9995;22;;;10002;2;10004;2;10005;22;9999.0;525.0
0;31800;BANANAS;4887;24;;;;;4892;2;4894;24;;;4889.5;368.1328125
0;31900;BANANAS;4888;2;4887;26;;;4894;28;;;;;4891.0;363.265625
0;31900;PEARLS;9996;2;9995;26;;;10004;2;10005;26;;;10000.0;525.0
0;32000;BANANAS;4887;22;;;;;4891;10;4893;22;;;4889.0;379.3125
0;32000;PEARLS;9996;2;9995;20;;;10002;10;10004;2;10005;20;9999.0;525.0
0;32100;PEARLS;9998;9;9995;25;;;10005;25;;;;;10001.5;525.0
0;32100;BANANAS;4888;9;4887;25;;;4894;25;;;;;4891.0;371.578125
0;32200;PEARLS;9996;1;9995;24;;;10002;5;10004;1;10005;24;9999.0;525.0
0;32200;BANANAS;4887;1;4886;24;;;4891;5;4893;25;;;4889.0;384.3125
0;32300;BANANAS;4886;32;;;;;4892;2;4893;30;;;4889.0;392.9609375
0;32300;PEARLS;10000;3;9996;2;9995;30;10004;2;10005;30;;;10002.0;525.0
0;32400;BANANAS;4886;2;4885;29;;;4892;29;;;;;4889.0;403.2890625
0;32400;PEARLS;9998;2;9995;29;;;10005;29;;;;;10001.5;525.0
0;32500;PEARLS;10002;1;9996;2;9995;24;10004;2;10005;24;;;10003.0;525.0
0;32500;BANANAS;4885;26;;;;;4892;26;;;;;4888.5;417.93359375
0;32600;PEARLS;9998;1;9996;2;9995;26;10004;2;10005;26;;;10001.0;527.0
0;32600;BANANAS;4886;1;4885;28;;;4891;2;4892;26;;;4888.5;418.3642578125
0;32700;BANANAS;4886;32;;;;;4892;32;;;;;4889.0;416.134765625
0;32700;PEARLS;9996;2;9995;30;;;10004;2;10005;30;;;10000.0;527.0
0;32800;BANANAS;4885;29;;;;;4892;29;;;;;4888.5;416.5068359375
0;32800;PEARLS;9995;29;;;;;10005;29;;;;;10000.0;527.0
0;32900;PEARLS;9996;1;9995;20;;;10002;10;10004;1;10005;20;9999.0;527.0
0;32900;BANANAS;4886;1;4885;20;;;4890;10;4892;21;;;4888.0;416.541015625
0;33000;PEARLS;9998;2;9995;28;;;10005;28;;;;;10001.5;527.0
0;33000;BANANAS;4886;2;4885;28;;;4892;28;;;;;4889.0;417.021484375
0;33100;BANANAS;4885;1;4884;25;;;4891;26;;;;;4888.0;444.0625
0;33100;PEARLS;9996;1;9995;25;;;10004;1;10005;25;;;10000.0;527.0
0;33200;BANANAS;4889;1;4884;24;;;4890;1;4891;23;;;4889.5;439.12109375
0;33200;PEARLS;9996;1;9995;23;;;10004;1;10005;23;;;10000.0;527.0
0;33300;PEARLS;9996;1;9995;30;;;10002;1;10004;1;10005;30;9999.0;527.0
0;33300;BANANAS;4885;31;;;;;4890;1;4891;1;4892;30;4887.5;450.75390625
0;33400;PEARLS;9995;20;;;;;10005;20;;;;;10000.0;527.0
0;33400;BANANAS;4885;20;;;;;4892;20;;;;;4888.5;452.10546875
0;33500;PEARLS;9996;2;9995;21;;;10002;4;10004;2;10005;21;9999.0;527.0
0;33500;BANANAS;4886;2;4885;21;;;4890;4;4892;23;;;4888.0;455.75
0;33600;PEARLS;9995;27;;;;;9998;2;10005;27;;;9996.5;527.0
0;33600;BANANAS;4884;27;;;;;4891;27;;;;;4887.5;446.1328125
0;33700;PEARLS;9996;1;9995;25;;;10004;1;10005;25;;;10000.0;531.0
0;33700;BANANAS;4885;1;4884;25;;;4891;26;;;;;4888.0;444.9921875
0;33800;PEARLS;9995;21;;;;;10002;4;10005;21;;;9998.5;531.0
0;33800;BANANAS;4884;21;;;;;4889;4;4891;21;;;4886.5;444.20703125
0;33900;PEARLS;9996;1;9995;27;;;10004;1;10005;27;;;10000.0;531.0
0;33900;BANANAS;4884;28;;;;;4891;28;;;;;4887.5;449.326171875
0;34000;PEARLS;9996;2;9995;28;;;10004;2;10005;28;;;10000.0;567.0
0;34000;BANANAS;4890;1;4885;2;4884;28;4891;30;;;;;4890.5;448.78125
0;34100;PEARLS;9996;2;9995;25;;;10004;2;10005;25;;;10000.0;567.0
0;34100;BANANAS;4885;2;4884;25;;;4891;27;;;;;4888.0;450.822265625
0;34200;PEARLS;9996;2;9995;30;;;10002;2;10004;2;10005;30;9999.0;567.0
0;34200;BANANAS;4885;2;4884;30;;;4889;3;4891;32;;;4887.0;450.642578125
0;34300;PEARLS;9996;1;9995;28;;;10004;1;10005;28;;;10000.0;567.0
0;34300;BANANAS;4884;28;;;;;4891;29;;;;;4887.5;450.91015625
0;34400;PEARLS;9996;2;9995;28;;;10004;2;10005;28;;;10000.0;567.0
0;34400;BANANAS;4884;30;;;;;4890;2;4891;28;;;4887.0;453.927734375
0;34500;PEARLS;9996;2;9995;22;;;10004;2;10005;22;;;10000.0;567.0
0;34500;BANANAS;4884;24;;;;;4891;24;;;;;4887.5;452.978515625
0;34600;PEARLS;9995;24;;;;;10005;24;;;;;10000.0;567.0
0;34600;BANANAS;4884;24;;;;;4891;24;;;;;4887.5;453.14453125
0;34700;PEARLS;9996;2;9995;23;;;10004;2;10005;23;;;10000.0;567.0
0;34700;BANANAS;4884;25;;;;;4891;25;;;;;4887.5;451.611328125
0;34800;PEARLS;9998;3;9996;2;9995;22;10004;2;10005;22;;;10001.0;567.0
0;34800;BANANAS;4885;5;4884;22;;;4886;4;4891;24;;;4885.5;450.998046875
0;34900;PEARLS;9995;24;;;;;10005;24;;;;;10000.0;567.0
0;34900;BANANAS;4884;24;;;;;4891;24;;;;;4887.5;453.28125
0;35000;PEARLS;9995;29;;;;;10005;29;;;;;10000.0;567.0
0;35000;BANANAS;4884;29;;;;;4891;29;;;;;4887.5;450.94140625
0;35100;PEARLS;9996;2;9995;21;;;10004;2;10005;21;;;10000.0;567.0
0;35100;BANANAS;4884;23;;;;;4890;23;;;;;4887.0;454.958984375
0;35200;PEARLS;9995;24;;;;;10005;24;;;;;10000.0;567.0
0;35200;BANANAS;4886;2;4883;24;;;4890;24;;;;;4888.0;457.01171875
0;35300;PEARLS;9998;8;9996;1;9995;22;10004;1;10005;22;;;10001.0;567.0
0;35300;BANANAS;4884;8;4883;23;;;4890;23;;;;;4887.0;456.65625
0;35400;PEARLS;10002;1;9996;2;9995;25;10004;2;10005;25;;;10003.0;567.0
0;35400;BANANAS;4886;2;4883;27;;;4890;27;;;;;4888.0;457.009765625
0;35500;PEARLS;9996;2;9995;27;;;10004;2;10005;27;;;10000.0;575.0
0;35500;BANANAS;4883;29;;;;;4890;29;;;;;4886.5;458.16015625
0;35600;PEARLS;9996;1;9995;23;;;10002;3;10004;1;10005;23;9999.0;575.0
0;35600;BANANAS;4883;24;;;;;4887;3;4889;24;;;4885.0;460.119140625
0;35700;PEARLS;9996;2;9995;29;;;10002;9;10004;2;10005;29;9999.0;575.0
0;35700;BANANAS;4883;31;;;;;4888;9;4889;2;4890;29;4885.5;458.87890625
0;35800;PEARLS;9996;2;9995;21;;;10004;2;10005;21;;;10000.0;575.0
0;35800;BANANAS;4883;23;;;;;4889;23;;;;;4886.0;460.33984375
0;35900;PEARLS;9996;2;9995;28;;;10004;2;10005;28;;;10000.0;575.0
0;35900;BANANAS;4883;30;;;;;4889;30;;;;;4886.0;460.25
0;36000;PEARLS;9995;30;;;;;10000;2;10002;9;10005;30;9997.5;575.0
0;36000;BANANAS;4883;30;;;;;4888;9;4890;30;;;4885.5;458.369140625
0;36100;PEARLS;9998;7;9996;2;9995;21;10004;2;10005;21;;;10001.0;575.0
0;36100;BANANAS;4884;9;4883;21;;;4890;23;;;;;4887.0;456.462890625
0;36200;PEARLS;9998;5;9996;1;9995;29;10004;1;10005;29;;;10001.0;575.0
0;36200;BANANAS;4885;5;4884;30;;;4890;1;4891;29;;;4887.5;453.673828125
0;36300;PEARLS;9996;1;9995;30;;;10004;1;10005;30;;;10000.0;575.0
0;36300;BANANAS;4884;31;;;;;4890;31;;;;;4887.0;454.982421875
0;36400;PEARLS;9996;1;9995;28;;;10002;8;10004;1;10005;28;9999.0;575.0
0;36400;BANANAS;4884;29;;;;;4888;8;4890;29;;;4886.0;455.2265625
0;36500;BANANAS;4884;29;;;;;4885;1;4891;29;;;4884.5;451.8203125
0;36500;PEARLS;9996;2;9995;27;;;10004;2;10005;27;;;10000.0;575.0
0;36600;PEARLS;9996;1;9995;30;;;10000;2;10004;1;10005;30;9998.0;575.0
0;36600;BANANAS;4885;1;4884;30;;;4891;31;;;;;4888.0;453.412109375
0;36700;BANANAS;4885;1;4884;21;;;4891;22;;;;;4888.0;453.353515625
0;36700;PEARLS;10002;1;9996;1;9995;21;10004;1;10005;21;;;10003.0;575.0
0;36800;PEARLS;9996;2;9995;23;;;10004;2;10005;23;;;10000.0;577.0
0;36800;BANANAS;4884;25;;;;;4885;2;4891;25;;;4884.5;455.53515625
0;36900;BANANAS;4885;6;4884;22;;;4891;22;;;;;4888.0;460.4423828125
0;36900;PEARLS;9998;6;9995;22;;;10005;22;;;;;10001.5;577.0
0;37000;PEARLS;9996;2;9995;20;;;10004;2;10005;20;;;10000.0;577.0
0;37000;BANANAS;4888;4;4884;2;4883;20;4890;22;;;;;4889.0;461.1640625
0;37100;BANANAS;4884;24;;;;;4891;24;;;;;4887.5;460.4404296875
0;37100;PEARLS;10000;5;9995;24;;;10005;24;;;;;10002.5;577.0
0;37200;PEARLS;9996;2;9995;27;;;10004;2;10005;27;;;10000.0;577.0
0;37200;BANANAS;4884;29;;;;;4891;29;;;;;4887.5;460.25
0;37300;BANANAS;4883;23;;;;;4890;23;;;;;4886.5;461.9326171875
0;37300;PEARLS;9996;1;9995;22;;;10004;1;10005;22;;;10000.0;577.0
0;37400;PEARLS;9995;22;;;;;10005;22;;;;;10000.0;586.0
0;37400;BANANAS;4883;22;;;;;4889;22;;;;;4886.0;462.8740234375
0;37500;BANANAS;4883;1;4882;30;;;4889;31;;;;;4886.0;463.3173828125
0;37500;PEARLS;10000;5;9996;1;9995;30;10004;1;10005;30;;;10002.0;586.0
0;37600;PEARLS;9996;1;9995;24;;;10004;1;10005;24;;;10000.0;586.0
0;37600;BANANAS;4888;1;4883;25;;;4889;1;4890;24;;;4888.5;462.830078125
0;37700;BANANAS;4883;20;;;;;4890;20;;;;;4886.5;464.435546875
0;37700;PEARLS;10002;1;9995;20;;;10005;20;;;;;10003.5;616.0
0;37800;PEARLS;9996;2;9995;23;;;10004;2;10005;23;;;10000.0;618.0
0;37800;BANANAS;4883;25;;;;;4889;2;4890;23;;;4886.0;464.560546875
0;37900;PEARLS;9996;2;9995;27;;;10004;2;10005;27;;;10000.0;624.0
0;37900;BANANAS;4882;29;;;;;4889;29;;;;;4885.5;471.05078125
0;38000;PEARLS;9998;3;9995;30;;;10005;30;;;;;10001.5;624.0
0;38000;BANANAS;4883;3;4882;30;;;4889;30;;;;;4886.0;470.814453125
0;38100;PEARLS;9998;4;9996;1;9995;28;10004;1;10005;28;;;10001.0;624.0
0;38100;BANANAS;4884;4;4883;29;;;4889;1;4890;28;;;4886.5;468.267578125
0;38200;PEARLS;9998;4;9996;2;9995;29;10004;2;10005;29;;;10001.0;624.0
0;38200;BANANAS;4884;4;4883;31;;;4889;2;4890;29;;;4886.5;467.453125
0;38300;PEARLS;9995;22;;;;;10005;22;;;;;10000.0;624.0
0;38300;BANANAS;4883;22;;;;;4890;22;;;;;4886.5;466.46875
0;38400;PEARLS;9996;2;9995;29;;;10004;2;10005;29;;;10000.0;624.0
0;38400;BANANAS;4883;31;;;;;4890;31;;;;;4886.5;467.126953125
0;38500;PEARLS;9996;2;9995;22;;;10004;2;10005;22;;;10000.0;624.0
0;38500;BANANAS;4883;24;;;;;4889;2;4890;22;;;4886.0;467.75
0;38600;PEARLS;10002;1;9996;2;9995;29;10004;2;10005;29;;;10003.0;624.0
0;38600;BANANAS;4883;31;;;;;4890;31;;;;;4886.5;467.234375
0;38700;PEARLS;9996;2;9995;20;;;10004;2;10005;20;;;10000.0;626.0
0;38700;BANANAS;4884;21;;;;;4890;2;4891;20;;;4887.0;462.88671875
0;38800;PEARLS;9996;2;9995;25;;;10004;2;10005;25;;;10000.0;650.0
0;38800;BANANAS;4884;27;;;;;4890;2;4891;25;;;4887.0;462.751953125
0;38900;PEARLS;9996;2;9995;23;;;10004;2;10005;23;;;10000.0;650.0
0;38900;BANANAS;4884;25;;;;;4891;25;;;;;4887.5;462.185546875
0;39000;PEARLS;9996;1;9995;23;;;10000;3;10004;1;10005;23;9998.0;650.0
0;39000;BANANAS;4884;24;;;;;4890;24;;;;;4887.0;463.9609375
0;39100;PEARLS;9996;2;9995;28;;;9998;3;10004;2;10005;28;9997.0;650.0
0;39100;BANANAS;4884;2;4883;28;;;4890;30;;;;;4887.0;465.103515625
0;39200;PEARLS;9995;21;;;;;10000;4;10005;21;;;9997.5;659.0
0;39200;BANANAS;4883;21;;;;;4889;21;;;;;4886.0;472.19140625
0;39300;PEARLS;9995;24;;;;;10005;24;;;;;10000.0;665.0
0;39300;BANANAS;4883;24;;;;;4890;24;;;;;4886.5;475.009765625
0;39400;PEARLS;9995;21;;;;;10005;21;;;;;10000.0;665.0
0;39400;BANANAS;4884;21;;;;;4891;21;;;;;4887.5;470.537109375
0;39500;PEARLS;9995;29;;;;;10005;29;;;;;10000.0;665.0
0;39500;BANANAS;4884;29;;;;;4891;29;;;;;4887.5;471.373046875
0;39600;PEARLS;9996;1;9995;30;;;10004;1;10005;30;;;10000.0;665.0
0;39600;BANANAS;4886;2;4884;31;;;4890;31;;;;;4888.0;472.064453125
0;39700;PEARLS;9996;1;9995;29;;;10000;6;10004;1;10005;29;9998.0;665.0
0;39700;BANANAS;4883;29;;;;;4889;1;4890;29;;;4886.0;474.8125
0;39800;PEARLS;9996;2;9995;22;;;9998;1;10004;2;10005;22;9997.0;665.0
0;39800;BANANAS;4883;24;;;;;4890;24;;;;;4886.5;474.625
0;39900;PEARLS;9998;10;9996;1;9995;28;10004;1;10005;28;;;10001.0;667.0
0;39900;BANANAS;4884;11;4883;28;;;4890;29;;;;;4887.0;472.65625
0;40000;PEARLS;10002;11;9996;1;9995;25;10004;1;10005;25;;;10003.0;667.0
0;40000;BANANAS;4883;26;;;;;4890;26;;;;;4886.5;473.287109375
0;40100;PEARLS;9995;30;;;;;10005;30;;;;;10000.0;689.0
0;40100;BANANAS;4886;6;4883;30;;;4890;30;;;;;4888.0;473.552734375
0;40200;PEARLS;9996;1;9995;24;;;10002;7;10004;1;10005;24;9999.0;689.0
0;40200;BANANAS;4884;25;;;;;4889;7;4890;1;4891;24;4886.5;470.8515625
0;40300;PEARLS;10002;4;9996;1;9995;29;10004;1;10005;29;;;10003.0;689.0
0;40300;BANANAS;4884;30;;;;;4890;30;;;;;4887.0;472.13671875
0;40400;PEARLS;9996;2;9995;23;;;10004;2;10005;23;;;10000.0;697.0
0;40400;BANANAS;4884;25;;;;;4891;25;;;;;4887.5;470.3359375
0;40500;PEARLS;9996;1;9995;21;;;10004;1;10005;21;;;10000.0;697.0
0;40500;BANANAS;4884;22;;;;;4885;5;4890;1;4891;21;4884.5;470.84375
0;40600;PEARLS;10002;1;9995;28;;;10005;28;;;;;10003.5;697.0
0;40600;BANANAS;4883;28;;;;;4890;28;;;;;4886.5;507.10546875
0;40700;PEARLS;9998;10;9996;1;9995;29;10004;1;10005;29;;;10001.0;699.0
0;40700;BANANAS;4888;1;4884;10;4883;30;4890;30;;;;;4889.0;510.390625
0;40800;PEARLS;9995;21;;;;;10005;21;;;;;10000.0;699.0
0;40800;BANANAS;4883;21;;;;;4890;21;;;;;4886.5;508.6484375
0;40900;BANANAS;4884;2;4883;25;;;4890;25;;;;;4887.0;507.0390625
0;40900;PEARLS;9998;2;9995;25;;;10005;25;;;;;10001.5;699.0
0;41000;BANANAS;4884;31;;;;;4885;3;4890;21;;;4884.5;504.671875
0;41000;PEARLS;9998;10;9996;1;9995;20;10000;2;10004;1;10005;20;9999.0;699.0
0;41100;PEARLS;9996;2;9995;23;;;10004;2;10005;23;;;10000.0;699.0
0;41100;BANANAS;4889;7;4884;25;;;4890;2;4891;23;;;4889.5;508.25390625
0;41200;PEARLS;9995;20;;;;;10005;20;;;;;10000.0;699.0
0;41200;BANANAS;4884;20;;;;;4891;20;;;;;4887.5;507.5078125
0;41300;BANANAS;4884;27;;;;;4891;27;;;;;4887.5;506.21484375
0;41300;PEARLS;9995;27;;;;;10005;27;;;;;10000.0;699.0
0;41400;BANANAS;4884;30;;;;;4886;5;4891;30;;;4885.0;506.5703125
0;41400;PEARLS;9996;1;9995;29;;;10004;1;10005;29;;;10000.0;699.0
0;41500;PEARLS;9996;2;9995;29;;;10004;2;10005;29;;;10000.0;699.0
0;41500;BANANAS;4885;31;;;;;4891;2;4892;29;;;4888.0;501.5859375
0;41600;PEARLS;9995;26;;;;;10005;26;;;;;10000.0;699.0
0;41600;BANANAS;4884;26;;;;;4891;26;;;;;4887.5;505.1015625
0;41700;BANANAS;4884;23;;;;;4891;23;;;;;4887.5;507.5
0;41700;PEARLS;9995;23;;;;;10005;23;;;;;10000.0;699.0
0;41800;BANANAS;4885;21;;;;;4888;4;4891;1;4892;21;4886.5;502.01953125
0;41800;PEARLS;9996;1;9995;21;;;10004;1;10005;21;;;10000.0;699.0
0;41900;PEARLS;9995;28;;;;;10002;8;10005;28;;;9998.5;699.0
0;41900;BANANAS;4885;28;;;;;4890;8;4892;28;;;4887.5;499.83203125
0;42000;PEARLS;9996;1;9995;27;;;9998;1;10004;1;10005;27;9997.0;699.0
0;42000;BANANAS;4886;28;;;;;4892;28;;;;;4889.0;495.8515625
0;42100;BANANAS;4886;22;;;;;4893;22;;;;;4889.5;494.21875
0;42100;PEARLS;10002;2;9995;22;;;10005;22;;;;;10003.5;701.0
0;42200;BANANAS;4887;22;;;;;4894;22;;;;;4890.5;486.3046875
0;42200;PEARLS;9995;22;;;;;10005;22;;;;;10000.0;705.0
0;42300;PEARLS;9996;2;9995;20;;;10004;2;10005;20;;;10000.0;705.0
0;42300;BANANAS;4887;22;;;;;4893;2;4894;20;;;4890.0;523.03125
0;42400;PEARLS;9996;2;9995;26;;;10002;2;10004;2;10005;26;9999.0;705.0
0;42400;BANANAS;4886;28;;;;;4891;2;4893;28;;;4888.5;532.3359375
0;42500;PEARLS;9995;24;;;;;10005;24;;;;;10000.0;708.0
0;42500;BANANAS;4886;24;;;;;4893;24;;;;;4889.5;538.546875
0;42600;PEARLS;9995;28;;;;;10005;28;;;;;10000.0;708.0
0;42600;BANANAS;4891;1;4886;28;;;4892;28;;;;;4891.5;545.8671875
0;42700;PEARLS;9996;1;9995;23;;;10004;1;10005;23;;;10000.0;708.0
0;42700;BANANAS;4886;24;;;;;4893;24;;;;;4889.5;538.765625
0;42800;PEARLS;9995;29;;;;;10000;2;10005;29;;;9997.5;708.0
0;42800;BANANAS;4886;29;;;;;4892;29;;;;;4889.0;546.171875
0;42900;PEARLS;10002;5;9995;20;;;10005;20;;;;;10003.5;708.0
0;42900;BANANAS;4885;20;;;;;4892;20;;;;;4888.5;552.015625
0;43000;PEARLS;9996;1;9995;26;;;10002;6;10004;1;10005;26;9999.0;718.0
0;43000;BANANAS;4885;27;;;;;4890;6;4891;1;4892;26;4887.5;558.828125
0;43100;PEARLS;9998;9;9996;1;9995;24;10004;1;10005;24;;;10001.0;718.0
0;43100;BANANAS;4888;4;4887;9;4886;25;4892;25;;;;;4890.0;545.6875
0;43200;PEARLS;9996;2;9995;29;;;10002;5;10004;2;10005;29;9999.0;718.0
0;43200;BANANAS;4886;31;;;;;4891;5;4892;2;4893;29;4888.5;543.03125
0;43300;PEARLS;9998;10;9995;20;;;10005;20;;;;;10001.5;727.0
0;43300;BANANAS;4892;1;4888;10;4887;20;4894;20;;;;;4893.0;523.3515625
0;43400;PEARLS;9996;2;9995;22;;;10004;2;10005;22;;;10000.0;727.0
0;43400;BANANAS;4887;24;;;;;4893;2;4894;22;;;4890.0;521.625
0;43500;PEARLS;9996;1;9995;24;;;10002;7;10004;1;10005;24;9999.0;727.0
0;43500;BANANAS;4887;25;;;;;4891;7;4893;25;;;4889.0;527.0
0;43600;PEARLS;9995;22;;;;;10002;5;10005;22;;;9998.5;727.0
0;43600;BANANAS;4886;22;;;;;4891;7;4893;22;;;4888.5;532.9296875
0;43700;PEARLS;9996;1;9995;29;;;10002;6;10004;1;10005;29;9999.0;727.0
0;43700;BANANAS;4885;30;;;;;4890;6;4892;30;;;4887.5;551.015625
0;43800;PEARLS;9996;1;9995;22;;;10004;1;10005;22;;;10000.0;727.0
0;43800;BANANAS;4886;23;;;;;4893;23;;;;;4889.5;535.9765625
0;43900;PEARLS;9996;2;9995;24;;;10002;2;10004;2;10005;24;9999.0;727.0
0;43900;BANANAS;4886;26;;;;;4887;1;4891;6;4893;26;4886.5;536.7890625
0;44000;PEARLS;10002;4;9998;10;9996;2;10004;2;10005;25;;;10003.0;727.0
0;44000;BANANAS;4887;12;4886;25;;;4888;1;4893;27;;;4887.5;534.8984375
0;44100;PEARLS;9996;2;9995;22;;;10004;2;10005;22;;;10000.0;735.0
0;44100;BANANAS;4886;24;;;;;4893;24;;;;;4889.5;539.828125
0;44200;PEARLS;9995;24;;;;;10005;24;;;;;10000.0;735.0
0;44200;BANANAS;4886;24;;;;;4893;24;;;;;4889.5;535.0703125
0;44300;PEARLS;9996;2;9995;24;;;9998;2;10004;2;10005;24;9997.0;735.0
0;44300;BANANAS;4887;26;;;;;4894;26;;;;;4890.5;526.515625
0;44400;PEARLS;9996;1;9995;25;;;10002;7;10004;1;10005;25;9999.0;739.0
0;44400;BANANAS;4887;26;;;;;4892;7;4893;1;4894;25;4889.5;530.5703125
0;44500;PEARLS;9995;30;;;;;10005;30;;;;;10000.0;739.0
0;44500;BANANAS;4886;30;;;;;4893;30;;;;;4889.5;541.5
0;44600;PEARLS;9996;1;9995;21;;;10004;1;10005;21;;;10000.0;739.0
0;44600;BANANAS;4886;22;;;;;4893;22;;;;;4889.5;538.09375
0;44700;PEARLS;9996;2;9995;25;;;10004;2;10005;25;;;10000.0;739.0
0;44700;BANANAS;4891;1;4886;27;;;4893;27;;;;;4892.0;540.5625
0;44800;PEARLS;9995;25;;;;;10005;25;;;;;10000.0;739.0
0;44800;BANANAS;4887;25;;;;;4894;25;;;;;4890.5;529.5546875
0;44900;PEARLS;9996;2;9995;21;;;10004;2;10005;21;;;10000.0;739.0
0;44900;BANANAS;4887;23;;;;;4894;23;;;;;4890.5;522.84375
0;45000;PEARLS;9996;1;9995;27;;;10004;1;10005;27;;;10000.0;739.0
0;45000;BANANAS;4887;28;;;;;4888;1;4894;28;;;4887.5;522.9609375
0;45100;PEARLS;9995;27;;;;;9998;1;10005;27;;;9996.5;739.0
0;45100;BANANAS;4887;27;;;;;4894;27;;;;;4890.5;527.0703125
0;45200;PEARLS;10002;1;9996;1;9995;20;10004;1;10005;20;;;10003.0;741.0
0;45200;BANANAS;4888;20;;;;;4894;1;4895;20;;;4891.0;516.7109375
0;45300;BANANAS;4888;22;;;;;4895;23;;;;;4891.5;516.203125
0;45300;PEARLS;9995;23;;;;;10005;23;;;;;10000.0;743.0
0;45400;PEARLS;9998;4;9995;25;;;10005;25;;;;;10001.5;743.0
0;45400;BANANAS;4889;4;4888;25;;;4894;25;;;;;4891.5;518.3359375
0;45500;BANANAS;4888;21;;;;;4895;21;;;;;4891.5;523.19140625
0;45500;PEARLS;9996;1;9995;20;;;9998;3;10004;1;10005;20;9997.0;743.0
0;45600;PEARLS;9996;1;9995;23;;;10004;1;10005;23;;;10000.0;749.0
0;45600;BANANAS;4889;1;4888;23;;;4895;24;;;;;4892.0;520.8828125
0;45700;BANANAS;4889;2;4888;21;;;4895;23;;;;;4892.0;521.296875
0;45700;PEARLS;10002;1;9996;2;9995;21;10004;2;10005;21;;;10003.0;749.0
0;45800;PEARLS;10000;5;9998;7;9996;2;10004;2;10005;30;;;10002.0;751.0
0;45800;BANANAS;4890;2;4889;30;;;4896;32;;;;;4893.0;514.6796875
0;45900;BANANAS;4891;7;4890;26;;;4897;26;;;;;4894.0;509.265625
0;45900;PEARLS;9998;8;9996;1;9995;25;10004;1;10005;25;;;10001.0;751.0
0;46000;PEARLS;9995;23;;;;;9998;1;10005;23;;;9996.5;751.0
0;46000;BANANAS;4890;23;;;;;4897;23;;;;;4893.5;508.64453125
0;46100;BANANAS;4891;25;;;;;4898;25;;;;;4894.5;505.0703125
0;46100;PEARLS;9995;25;;;;;10005;25;;;;;10000.0;753.0
0;46200;PEARLS;9995;24;;;;;10005;24;;;;;10000.0;753.0
0;46200;BANANAS;4890;24;;;;;4897;24;;;;;4893.5;507.4921875
0;46300;BANANAS;4890;28;;;;;4897;28;;;;;4893.5;508.67578125
0;46300;PEARLS;9996;2;9995;26;;;10004;2;10005;26;;;10000.0;753.0
0;46400;PEARLS;9995;24;;;;;10005;24;;;;;10000.0;753.0
0;46400;BANANAS;4895;1;4890;24;;;4897;24;;;;;4896.0;509.31640625
0;46500;BANANAS;4890;30;;;;;4897;30;;;;;4893.5;509.1171875
0;46500;PEARLS;9996;1;9995;29;;;9998;1;10004;1;10005;29;9997.0;753.0
0;46600;PEARLS;9998;1;9995;28;;;10005;28;;;;;10001.5;755.0
0;46600;BANANAS;4895;1;4894;3;4891;1;4897;28;;;;;4896.0;510.76953125
0;46700;BANANAS;4889;30;;;;;4896;30;;;;;4892.5;515.87890625
0;46700;PEARLS;9996;1;9995;29;;;10004;1;10005;29;;;10000.0;755.0
0;46800;PEARLS;9995;25;;;;;10005;25;;;;;10000.0;755.0
0;46800;BANANAS;4890;25;;;;;4897;25;;;;;4893.5;511.45703125
0;46900;PEARLS;9996;1;9995;29;;;10002;3;10004;1;10005;29;9999.0;755.0
0;46900;BANANAS;4890;1;4889;29;;;4894;3;4896;30;;;4892.0;514.22265625
0;47000;PEARLS;9996;1;9995;22;;;10004;1;10005;22;;;10000.0;755.0
0;47000;BANANAS;4890;1;4889;22;;;4896;23;;;;;4893.0;542.0771484375
0;47100;PEARLS;9995;22;;;;;9998;1;10005;22;;;9996.5;755.0
0;47100;BANANAS;4889;22;;;;;4896;22;;;;;4892.5;542.78125
0;47200;PEARLS;9996;2;9995;21;;;10004;2;10005;21;;;10000.0;757.0
0;47200;BANANAS;4895;1;4889;23;;;4896;23;;;;;4895.5;541.9306640625
0;47300;PEARLS;9995;21;;;;;10005;21;;;;;10000.0;757.0
0;47300;BANANAS;4890;21;;;;;4896;21;;;;;4893.0;544.90625
0;47400;PEARLS;9998;7;9995;22;;;10005;22;;;;;10001.5;757.0
0;47400;BANANAS;4891;8;4890;22;;;4896;22;;;;;4893.5;544.9169921875
0;47500;PEARLS;9996;1;9995;21;;;9998;1;10004;1;10005;21;9997.0;757.0
0;47500;BANANAS;4890;22;;;;;4896;22;;;;;4893.0;544.900390625
0;47600;PEARLS;9998;5;9995;21;;;10005;21;;;;;10001.5;759.0
0;47600;BANANAS;4890;5;4889;21;;;4896;21;;;;;4893.0;544.513671875
0;47700;PEARLS;9998;1;9995;23;;;10005;23;;;;;10001.5;759.0
0;47700;BANANAS;4891;1;4890;23;;;4897;23;;;;;4894.0;545.2236328125
0;47800;PEARLS;9995;20;;;;;10005;20;;;;;10000.0;759.0
0;47800;BANANAS;4890;20;;;;;4897;20;;;;;4893.5;545.7470703125
0;47900;PEARLS;9995;23;;;;;10005;23;;;;;10000.0;759.0
0;47900;BANANAS;4890;23;;;;;4897;23;;;;;4893.5;545.630859375
0;48000;PEARLS;10002;2;9996;1;9995;26;10004;1;10005;26;;;10003.0;759.0
0;48000;BANANAS;4890;27;;;;;4895;1;4897;27;;;4892.5;545.748046875
0;48100;PEARLS;9996;1;9995;29;;;10004;1;10005;29;;;10000.0;763.0
0;48100;BANANAS;4890;30;;;;;4897;30;;;;;4893.5;546.0634765625
0;48200;PEARLS;9996;1;9995;26;;;10004;1;10005;26;;;10000.0;763.0
0;48200;BANANAS;4890;26;;;;;4897;27;;;;;4893.5;545.7998046875
0;48300;PEARLS;9998;4;9996;1;9995;20;10004;1;10005;20;;;10001.0;763.0
0;48300;BANANAS;4895;1;4891;4;4890;21;4897;21;;;;;4896.0;545.6240234375
0;48400;PEARLS;9996;2;9995;30;;;10004;2;10005;30;;;10000.0;763.0
0;48400;BANANAS;4889;32;;;;;4896;32;;;;;4892.5;546.68701171875
0;48500;PEARLS;9995;29;;;;;10005;29;;;;;10000.0;763.0
0;48500;BANANAS;4894;10;4889;29;;;4896;29;;;;;4895.0;546.61962890625
0;48600;PEARLS;9996;1;9995;26;;;10004;1;10005;26;;;10000.0;763.0
0;48600;BANANAS;4889;27;;;;;4896;27;;;;;4892.5;546.5341796875
0;48700;PEARLS;9996;1;9995;22;;;10000;2;10004;1;10005;22;9998.0;763.0
0;48700;BANANAS;4889;23;;;;;4896;23;;;;;4892.5;546.50146484375
0;48800;PEARLS;9996;1;9995;28;;;10004;1;10005;28;;;10000.0;763.0
0;48800;BANANAS;4890;29;;;;;4896;29;;;;;4893.0;547.0068359375
0;48900;PEARLS;9995;22;;;;;10005;22;;;;;10000.0;763.0
0;48900;BANANAS;4890;21;;;;;4897;22;;;;;4893.5;547.13330078125
0;49000;PEARLS;9996;1;9995;28;;;10004;1;10005;28;;;10000.0;763.0
0;49000;BANANAS;4890;29;;;;;4896;1;4897;28;;;4893.0;547.08251953125
0;49100;PEARLS;9995;30;;;;;10005;30;;;;;10000.0;769.0
0;49100;BANANAS;4890;30;;;;;4897;30;;;;;4893.5;547.4287109375
0;49200;PEARLS;10002;3;9996;1;9995;25;10004;1;10005;25;;;10003.0;769.0
0;49200;BANANAS;4890;26;;;;;4897;26;;;;;4893.5;547.65771484375
0;49300;PEARLS;9998;3;9995;29;;;10005;29;;;;;10001.5;773.0
0;49300;BANANAS;4892;3;4891;29;;;4897;29;;;;;4894.5;548.00830078125
0;49400;PEARLS;9996;1;9995;22;;;10004;1;10005;22;;;10000.0;773.0
0;49400;BANANAS;4891;23;;;;;4898;23;;;;;4894.5;548.62060546875
0;49500;PEARLS;9996;1;9995;24;;;10004;1;10005;24;;;10000.0;773.0
0;49500;BANANAS;4891;25;;;;;4897;25;;;;;4894.0;548.00244140625
0;49600;PEARLS;9996;2;9995;28;;;10000;3;10002;9;10004;2;9998.0;773.0
0;49600;BANANAS;4890;30;;;;;4895;9;4897;30;;;4892.5;547.48486328125
0;49700;PEARLS;9995;21;;;;;10005;21;;;;;10000.0;773.0
0;49700;BANANAS;4896;1;4890;21;;;4897;21;;;;;4896.5;547.7314453125
0;49800;PEARLS;9995;20;;;;;10002;7;10005;20;;;9998.5;773.0
0;49800;BANANAS;4890;19;;;;;4895;7;4897;20;;;4892.5;550.0
0;49900;BANANAS;4890;24;;;;;4896;1;4897;23;;;4893.0;550.0
0;49900;PEARLS;9996;1;9995;23;;;10004;1;10005;23;;;10000.0;773.0
0;50000;BANANAS;4893;2;4889;26;;;4894;5;4896;26;;;4893.5;550.0
0;50000;PEARLS;9996;2;9995;24;;;10002;5;10004;2;10005;24;9999.0;773.0
0;50100;PEARLS;10002;4;9996;2;9995;22;10004;2;10005;22;;;10003.0;773.0
0;50100;BANANAS;4892;2;4889;24;;;4896;24;;;;;4894.0;550.0
0;50200;PEARLS;9996;1;9995;28;;;10004;1;10005;28;;;10000.0;779.0
0;50200;BANANAS;4894;7;4890;29;;;4896;29;;;;;4895.0;550.0
0;50300;BANANAS;4890;23;;;;;4897;23;;;;;4893.5;550.0
0;50300;PEARLS;9995;23;;;;;10005;23;;;;;10000.0;779.0
0;50400;BANANAS;4890;23;;;;;4897;23;;;;;4893.5;550.0
0;50400;PEARLS;9996;2;9995;21;;;10004;2;10005;21;;;10000.0;779.0
0;50500;PEARLS;10000;4;9998;7;9996;1;10004;1;10005;27;;;10002.0;779.0
0;50500;BANANAS;4891;7;4890;28;;;4897;28;;;;;4894.0;550.0
0;50600;PEARLS;9998;7;9996;2;9995;22;10000;5;10004;2;10005;22;9999.0;779.0
0;50600;BANANAS;4895;1;4891;7;4890;24;4896;2;4897;22;;;4895.5;550.0
0;50700;BANANAS;4891;9;4890;20;;;4897;20;;;;;4894.0;563.66796875
0;50700;PEARLS;9998;9;9995;20;;;10005;20;;;;;10001.5;779.0
0;50800;BANANAS;4891;7;4890;28;;;4897;28;;;;;4894.0;563.685546875
0;50800;PEARLS;9998;7;9996;2;9995;26;10004;2;10005;26;;;10001.0;779.0
0;50900;PEARLS;9998;2;9995;30;;;10000;5;10005;30;;;9999.0;779.0
0;50900;BANANAS;4891;1;4890;30;;;4897;30;;;;;4894.0;563.26171875
0;51000;PEARLS;9996;2;9995;23;;;10004;2;10005;23;;;10000.0;779.0
0;51000;BANANAS;4890;25;;;;;4896;2;4897;23;;;4893.0;562.673828125
0;51100;BANANAS;4891;29;;;;;4895;1;4897;29;;;4893.0;565.77734375
0;51100;PEARLS;9995;29;;;;;10002;1;10005;29;;;9998.5;779.0
0;51200;PEARLS;9995;30;;;;;10005;30;;;;;10000.0;779.0
0;51200;BANANAS;4895;10;4890;30;;;4897;30;;;;;4896.0;564.330078125
0;51300;PEARLS;9996;2;9995;23;;;9998;5;10002;5;10004;2;9997.0;779.0
0;51300;BANANAS;4891;25;;;;;4895;5;4897;25;;;4893.0;575.94921875
0;51400;PEARLS;9996;1;9995;22;;;10004;1;10005;22;;;10000.0;789.0
0;51400;BANANAS;4891;23;;;;;4897;23;;;;;4894.0;575.76953125
0;51500;PEARLS;9995;21;;;;;10005;21;;;;;10000.0;789.0
0;51500;BANANAS;4891;21;;;;;4898;21;;;;;4894.5;574.51953125
0;51600;PEARLS;9996;2;9995;21;;;10002;5;10004;2;10005;21;9999.0;795.0
0;51600;BANANAS;4891;23;;;;;4896;5;4897;2;4898;21;4893.5;607.9453125
0;51700;PEARLS;9996;2;9995;30;;;10004;2;10005;30;;;10000.0;795.0
0;51700;BANANAS;4896;12;4891;32;;;4897;2;4898;30;;;4896.5;607.75
0;51800;PEARLS;9995;25;;;;;10005;25;;;;;10000.0;795.0
0;51800;BANANAS;4891;25;;;;;4898;25;;;;;4894.5;628.1748046875
0;51900;PEARLS;9996;2;9995;26;;;10004;2;10005;26;;;10000.0;795.0
0;51900;BANANAS;4892;2;4891;26;;;4898;28;;;;;4895.0;627.37890625
0;52000;PEARLS;9998;2;9995;21;;;10000;5;10005;21;;;9999.0;795.0
0;52000;BANANAS;4892;3;4891;21;;;4898;21;;;;;4895.0;629.658203125
0;52100;PEARLS;9996;1;9995;27;;;10004;1;10005;27;;;10000.0;795.0
0;52100;BANANAS;4891;28;;;;;4897;1;4898;27;;;4894.0;629.126953125
0;52200;PEARLS;9995;23;;;;;10005;23;;;;;10000.0;795.0
0;52200;BANANAS;4891;22;;;;;4896;1;4898;23;;;4893.5;658.734375
0;52300;PEARLS;9995;30;;;;;10005;30;;;;;10000.0;795.0
0;52300;BANANAS;4892;30;;;;;4899;30;;;;;4895.5;639.6875
0;52400;PEARLS;10002;3;9996;1;9995;20;10004;1;10005;20;;;10003.0;795.0
0;52400;BANANAS;4892;1;4891;20;;;4898;21;;;;;4895.0;650.015625
0;52500;PEARLS;9996;2;9995;25;;;10004;2;10005;25;;;10000.0;801.0
0;52500;BANANAS;4891;27;;;;;4898;27;;;;;4894.5;656.1015625
0;52600;PEARLS;9996;1;9995;30;;;10004;1;10005;30;;;10000.0;801.0
0;52600;BANANAS;4891;31;;;;;4897;1;4898;30;;;4894.0;660.375
0;52700;PEARLS;9996;1;9995;24;;;10002;9;10004;1;10005;24;9999.0;837.0
0;52700;BANANAS;4891;25;;;;;4895;8;4897;25;;;4893.0;663.3671875
0;52800;PEARLS;9996;2;9995;26;;;10004;2;10005;26;;;10000.0;837.0
0;52800;BANANAS;4891;28;;;;;4892;8;4897;28;;;4891.5;662.9140625
0;52900;PEARLS;9996;1;9995;26;;;10002;3;10004;1;10005;26;9999.0;837.0
0;52900;BANANAS;4891;1;4890;26;;;4895;3;4897;27;;;4893.0;681.9296875
0;53000;PEARLS;9996;1;9995;29;;;10004;1;10005;29;;;10000.0;837.0
0;53000;BANANAS;4891;30;;;;;4898;30;;;;;4894.5;672.86328125
0;53100;PEARLS;9996;2;9995;21;;;9998;5;10004;2;10005;21;9997.0;837.0
0;53100;BANANAS;4892;23;;;;;4898;23;;;;;4895.0;668.640625
0;53200;PEARLS;9995;23;;;;;10005;23;;;;;10000.0;847.0
0;53200;BANANAS;4897;1;4892;23;;;4899;23;;;;;4898.0;666.640625
0;53300;PEARLS;9995;20;;;;;10005;20;;;;;10000.0;847.0
0;53300;BANANAS;4892;20;;;;;4899;20;;;;;4895.5;662.71875
0;53400;PEARLS;9996;2;9995;30;;;9998;1;10004;2;10005;30;9997.0;847.0
0;53400;BANANAS;4892;32;;;;;4899;32;;;;;4895.5;661.734375
0;53500;PEARLS;9995;25;;;;;10002;7;10005;25;;;9998.5;849.0
0;53500;BANANAS;4892;25;;;;;4897;7;4899;25;;;4894.5;662.171875
0;53600;PEARLS;9998;2;9996;1;9995;22;10004;1;10005;22;;;10001.0;849.0
0;53600;BANANAS;4892;23;;;;;4893;10;4899;23;;;4892.5;660.625
0;53700;PEARLS;9995;23;;;;;10005;23;;;;;10000.0;849.0
0;53700;BANANAS;4892;23;;;;;4899;23;;;;;4895.5;687.73828125
0;53800;PEARLS;9998;8;9995;29;;;10005;29;;;;;10001.5;849.0
0;53800;BANANAS;4893;8;4892;29;;;4899;29;;;;;4896.0;687.6669921875
0;53900;PEARLS;9996;1;9995;25;;;10000;4;10002;8;10004;1;9998.0;849.0
0;53900;BANANAS;4892;1;4891;25;;;4896;8;4898;26;;;4894.0;688.419921875
0;54000;PEARLS;9996;1;9995;21;;;10002;1;10004;1;10005;21;9999.0;849.0
0;54000;BANANAS;4891;22;;;;;4894;5;4896;2;4898;22;4892.5;688.875
0;54100;BANANAS;4892;22;;;;;4899;22;;;;;4895.5;687.0693359375
0;54100;PEARLS;9996;1;9995;21;;;10004;1;10005;21;;;10000.0;849.0
0;54200;PEARLS;9996;1;9995;20;;;10004;1;10005;20;;;10000.0;855.0
0;54200;BANANAS;4891;20;;;;;4898;21;;;;;4894.5;692.767578125
0;54300;BANANAS;4892;2;4891;26;;;4898;28;;;;;4895.0;693.130859375
0;54300;PEARLS;10002;1;9996;2;9995;26;10004;2;10005;26;;;10003.0;855.0
0;54400;PEARLS;9995;22;;;;;10005;22;;;;;10000.0;863.0
0;54400;BANANAS;4892;22;;;;;4899;22;;;;;4895.5;691.416015625
0;54500;BANANAS;4892;29;;;;;4897;2;4898;2;4899;27;4894.5;691.193359375
0;54500;PEARLS;9996;2;9995;27;;;10002;2;10004;2;10005;27;9999.0;863.0
0;54600;PEARLS;10002;2;9996;1;9995;29;10004;1;10005;29;;;10003.0;863.0
0;54600;BANANAS;4892;30;;;;;4899;30;;;;;4895.5;690.333984375
0;54700;BANANAS;4893;23;;;;;4899;1;4900;22;;;4896.0;687.333984375
0;54700;PEARLS;9996;1;9995;22;;;10004;1;10005;22;;;10000.0;867.0
0;54800;PEARLS;9996;2;9995;23;;;10004;2;10005;23;;;10000.0;888.0
0;54800;BANANAS;4893;25;;;;;4899;2;4900;23;;;4896.0;690.96875
0;54900;BANANAS;4898;1;4893;24;;;4899;2;4900;22;;;4898.5;690.7421875
0;54900;PEARLS;9996;2;9995;22;;;10004;2;10005;22;;;10000.0;888.0
0;55000;PEARLS;9996;2;9995;20;;;10004;2;10005;20;;;10000.0;888.0
0;55000;BANANAS;4893;22;;;;;4899;2;4900;20;;;4896.0;692.16796875
0;55100;BANANAS;4894;2;4893;24;;;4900;26;;;;;4897.0;687.7265625
0;55100;PEARLS;9996;2;9995;24;;;10004;2;10005;24;;;10000.0;888.0
0;55200;PEARLS;9998;8;9996;1;9995;25;10004;1;10005;25;;;10001.0;888.0
0;55200;BANANAS;4895;7;4894;26;;;4900;26;;;;;4897.5;687.26953125
0;55300;BANANAS;4894;22;;;;;4899;4;4901;22;;;4896.5;684.10546875
0;55300;PEARLS;9995;22;;;;;10002;5;10005;22;;;9998.5;888.0
0;55400;PEARLS;9998;7;9996;1;9995;27;10004;1;10005;27;;;10001.0;888.0
0;55400;BANANAS;4895;8;4894;27;;;4901;28;;;;;4898.0;681.81640625
0;55500;BANANAS;4894;24;;;;;4901;24;;;;;4897.5;684.76953125
0;55500;PEARLS;9996;2;9995;22;;;10004;2;10005;22;;;10000.0;888.0
0;55600;PEARLS;9995;23;;;;;10002;9;10005;23;;;9998.5;888.0
0;55600;BANANAS;4894;23;;;;;4899;9;4901;23;;;4896.5;685.6796875
0;55700;PEARLS;9996;1;9995;21;;;10002;7;10004;1;10005;21;9999.0;888.0
0;55700;BANANAS;4893;22;;;;;4898;7;4900;22;;;4895.5;689.390625
0;55800;PEARLS;9996;1;9995;25;;;10004;1;10005;25;;;10000.0;888.0
0;55800;BANANAS;4894;26;;;;;4900;1;4901;25;;;4897.0;686.40234375
0;55900;PEARLS;9995;20;;;;;10005;20;;;;;10000.0;888.0
0;55900;BANANAS;4894;20;;;;;4897;1;4901;20;;;4895.5;682.859375
0;56000;PEARLS;10000;2;9996;1;9995;24;10002;6;10004;1;10005;24;10001.0;888.0
0;56000;BANANAS;4895;25;;;;;4900;6;4901;25;;;4897.5;679.69921875
0;56100;PEARLS;9996;1;9995;27;;;9998;1;10002;3;10004;1;9997.0;888.0
0;56100;BANANAS;4894;28;;;;;4899;3;4901;28;;;4896.5;683.58984375
0;56200;PEARLS;9996;1;9995;30;;;10000;4;10004;1;10005;30;9998.0;890.0
0;56200;BANANAS;4897;3;4894;31;;;4900;1;4901;30;;;4898.5;685.140625
0;56300;PEARLS;9995;28;;;;;10005;28;;;;;10000.0;890.0
0;56300;BANANAS;4894;28;;;;;4901;28;;;;;4897.5;682.421875
0;56400;PEARLS;9996;2;9995;27;;;10004;2;10005;27;;;10000.0;890.0
0;56400;BANANAS;4894;29;;;;;4900;2;4901;27;;;4897.0;685.515625
0;56500;PEARLS;9995;21;;;;;10002;9;10005;21;;;9998.5;890.0
0;56500;BANANAS;4894;21;;;;;4899;9;4901;21;;;4896.5;692.408203125
0;56600;PEARLS;9996;2;9995;28;;;10002;2;10004;2;10005;28;9999.0;890.0
0;56600;BANANAS;4894;30;;;;;4899;2;4901;30;;;4896.5;693.365234375
0;56700;PEARLS;9998;5;9995;27;;;10005;27;;;;;10001.5;890.0
0;56700;BANANAS;4895;6;4894;27;;;4901;27;;;;;4898.0;694.478515625
0;56800;PEARLS;9995;23;;;;;10005;23;;;;;10000.0;890.0
0;56800;BANANAS;4894;23;;;;;4900;23;;;;;4897.0;695.01953125
0;56900;PEARLS;9996;1;9995;20;;;10004;1;10005;20;;;10000.0;890.0
0;56900;BANANAS;4894;21;;;;;4900;1;4901;20;;;4897.0;694.736328125
0;57000;PEARLS;9996;2;9995;20;;;10002;10;10004;2;10005;20;9999.0;890.0
0;57000;BANANAS;4894;2;4893;20;;;4898;10;4900;22;;;4896.0;695.546875
0;57100;PEARLS;9998;6;9995;24;;;10005;24;;;;;10001.5;890.0
0;57100;BANANAS;4899;1;4894;7;4893;24;4900;24;;;;;4899.5;695.625
0;57200;PEARLS;9998;5;9996;1;9995;25;10004;1;10005;25;;;10001.0;890.0
0;57200;BANANAS;4894;6;4893;25;;;4895;5;4896;2;4900;26;4894.5;698.109375
0;57300;PEARLS;9996;1;9995;30;;;10004;1;10005;30;;;10000.0;890.0
0;57300;BANANAS;4894;1;4893;30;;;4900;31;;;;;4897.0;697.521484375
0;57400;PEARLS;9996;1;9995;27;;;10004;1;10005;27;;;10000.0;890.0
0;57400;BANANAS;4893;28;;;;;4899;1;4900;27;;;4896.0;700.107421875
0;57500;PEARLS;9995;21;;;;;10005;21;;;;;10000.0;890.0
0;57500;BANANAS;4892;21;;;;;4899;21;;;;;4895.5;702.390625
0;57600;PEARLS;10000;4;9996;2;9995;20;10004;2;10005;20;;;10002.0;890.0
0;57600;BANANAS;4892;22;;;;;4899;22;;;;;4895.5;703.396484375
0;57700;PEARLS;9998;2;9996;1;9995;21;10004;1;10005;21;;;10001.0;890.0
0;57700;BANANAS;4893;2;4892;22;;;4899;22;;;;;4896.0;703.650390625
0;57800;PEARLS;9996;2;9995;26;;;10002;4;10004;2;10005;26;9999.0;890.0
0;57800;BANANAS;4892;28;;;;;4897;4;4899;28;;;4894.5;702.318359375
0;57900;PEARLS;9996;2;9995;26;;;10004;2;10005;26;;;10000.0;890.0
0;57900;BANANAS;4893;28;;;;;4899;2;4900;26;;;4896.0;700.068359375
0;58000;PEARLS;9995;28;;;;;10005;28;;;;;10000.0;890.0
0;58000;BANANAS;4892;28;;;;;4899;28;;;;;4895.5;702.3671875
0;58100;PEARLS;9998;7;9995;20;;;10005;20;;;;;10001.5;890.0
0;58100;BANANAS;4894;7;4893;20;;;4900;20;;;;;4897.0;700.427734375
0;58200;PEARLS;9996;2;9995;27;;;10004;2;10005;27;;;10000.0;908.0
0;58200;BANANAS;4893;29;;;;;4899;2;4900;27;;;4896.0;700.18359375
0;58300;PEARLS;9996;2;9995;28;;;10004;2;10005;28;;;10000.0;908.0
0;58300;BANANAS;4893;30;;;;;4900;30;;;;;4896.5;698.41015625
0;58400;PEARLS;9995;25;;;;;10005;25;;;;;10000.0;908.0
0;58400;BANANAS;4893;25;;;;;4900;25;;;;;4896.5;698.919921875
0;58500;PEARLS;9998;3;9996;2;9995;20;10004;2;10005;20;;;10001.0;908.0
0;58500;BANANAS;4894;5;4893;20;;;4900;22;;;;;4897.0;697.259765625
0;58600;BANANAS;4893;23;;;;;4899;1;4900;22;;;4896.0;709.0
0;58600;PEARLS;9996;1;9995;22;;;10004;1;10005;22;;;10000.0;908.0
0;58700;PEARLS;9996;1;9995;29;;;9998;1;10000;4;10004;1;9997.0;911.0
0;58700;BANANAS;4893;1;4892;29;;;4899;30;;;;;4896.0;710.8583984375
0;58800;PEARLS;9996;1;9995;30;;;10004;1;10005;30;;;10000.0;913.0
0;58800;BANANAS;4893;31;;;;;4900;31;;;;;4896.5;711.5810546875
0;58900;BANANAS;4899;1;4897;2;4894;25;4900;2;4901;23;;;4899.5;713.72705078125
0;58900;PEARLS;9996;2;9995;23;;;10004;2;10005;23;;;10000.0;919.0
0;59000;BANANAS;4894;24;;;;;4901;24;;;;;4897.5;718.751953125
0;59000;PEARLS;9996;1;9995;23;;;10004;1;10005;23;;;10000.0;925.0
0;59100;PEARLS;9998;7;9996;1;9995;20;10004;1;10005;20;;;10001.0;925.0
0;59100;BANANAS;4894;9;4893;20;;;4900;21;;;;;4897.0;720.66015625
0;59200;PEARLS;10002;1;9996;2;9995;23;10004;2;10005;23;;;10003.0;925.0
0;59200;BANANAS;4893;25;;;;;4900;25;;;;;4896.5;722.1015625
0;59300;BANANAS;4894;5;4893;22;;;4900;22;;;;;4897.0;721.103515625
0;59300;PEARLS;9998;5;9995;22;;;10005;22;;;;;10001.5;927.0
0;59400;BANANAS;4894;23;;;;;4901;23;;;;;4897.5;719.236328125
0;59400;PEARLS;10002;1;9995;23;;;10005;23;;;;;10003.5;927.0
0;59500;PEARLS;9996;2;9995;22;;;10004;2;10005;22;;;10000.0;965.0
0;59500;BANANAS;4894;24;;;;;4900;2;4901;22;;;4897.0;718.8515625
0;59600;PEARLS;10002;1;9996;1;9995;24;10004;1;10005;24;;;10003.0;965.0
0;59600;BANANAS;4894;25;;;;;4901;25;;;;;4897.5;717.68359375
0;59700;BANANAS;4899;1;4894;26;;;4901;26;;;;;4900.0;718.576171875
0;59700;PEARLS;9996;1;9995;25;;;10004;1;10005;25;;;10000.0;967.0
0;59800;BANANAS;4894;11;4893;22;;;4900;24;;;;;4897.0;723.12890625
0;59800;PEARLS;9998;9;9996;2;9995;22;10004;2;10005;22;;;10001.0;967.0
0;59900;PEARLS;9996;2;9995;23;;;10004;2;10005;23;;;10000.0;967.0
0;59900;BANANAS;4894;2;4893;23;;;4900;25;;;;;4897.0;755.265625
0;60000;PEARLS;9996;1;9995;25;;;9998;3;10002;10;10004;1;9997.0;973.0
0;60000;BANANAS;4898;1;4893;26;;;4900;26;;;;;4899.0;751.1875
0;60100;PEARLS;9996;1;9995;27;;;10004;1;10005;27;;;10000.0;979.0
0;60100;BANANAS;4893;28;;;;;4900;28;;;;;4896.5;752.49609375
0;60200;PEARLS;9996;1;9995;25;;;10004;1;10005;25;;;10000.0;979.0
0;60200;BANANAS;4894;1;4893;25;;;4900;26;;;;;4897.0;755.54296875
0;60300;PEARLS;9998;3;9996;1;9995;23;10004;1;10005;23;;;10001.0;979.0
0;60300;BANANAS;4894;3;4893;24;;;4900;24;;;;;4897.0;754.6953125
0;60400;PEARLS;9996;2;9995;22;;;9998;1;10004;2;10005;22;9997.0;979.0
0;60400;BANANAS;4893;24;;;;;4900;24;;;;;4896.5;776.78125
0;60500;PEARLS;9995;25;;;;;10000;2;10005;25;;;9997.5;1002.0
0;60500;BANANAS;4893;25;;;;;4900;25;;;;;4896.5;776.7578125
0;60600;PEARLS;9996;1;9995;21;;;10004;1;10005;21;;;10000.0;1002.0
0;60600;BANANAS;4893;21;;;;;4900;22;;;;;4896.5;778.375
0;60700;PEARLS;9998;10;9995;24;;;10005;24;;;;;10001.5;1035.0
0;60700;BANANAS;4894;33;;;;;4900;24;;;;;4897.0;781.9921875
0;60800;PEARLS;9996;2;9995;26;;;10004;2;10005;26;;;10000.0;1035.0
0;60800;BANANAS;4899;1;4894;28;;;4900;2;4901;26;;;4899.5;784.6796875
0;60900;PEARLS;9998;10;9995;29;;;10005;29;;;;;10001.5;1035.0
0;60900;BANANAS;4899;1;4895;10;4894;29;4901;29;;;;;4900.0;788.4296875
0;61000;PEARLS;9996;1;9995;25;;;9998;1;10004;1;10005;25;9997.0;1035.0
0;61000;BANANAS;4894;26;;;;;4900;26;;;;;4897.0;787.546875
0;61100;PEARLS;9996;2;9995;29;;;10004;2;10005;29;;;10000.0;1037.0
0;61100;BANANAS;4894;31;;;;;4895;4;4900;2;4901;29;4894.5;789.3671875
0;61200;PEARLS;9998;1;9995;22;;;10005;22;;;;;10001.5;1037.0
0;61200;BANANAS;4894;22;;;;;4901;22;;;;;4897.5;788.5703125
0;61300;PEARLS;9995;27;;;;;10005;27;;;;;10000.0;1037.0
0;61300;BANANAS;4893;27;;;;;4900;27;;;;;4896.5;780.1953125
0;61400;PEARLS;9995;28;;;;;10005;28;;;;;10000.0;1037.0
0;61400;BANANAS;4893;28;;;;;4900;28;;;;;4896.5;782.40625
0;61500;PEARLS;9998;4;9995;22;;;10005;22;;;;;10001.5;1037.0
0;61500;BANANAS;4898;1;4894;4;4893;22;4900;22;;;;;4899.0;775.5859375
0;61600;PEARLS;9996;1;9995;27;;;10004;1;10005;27;;;10000.0;1037.0
0;61600;BANANAS;4893;28;;;;;4899;28;;;;;4896.0;771.109375
0;61700;PEARLS;9996;2;9995;21;;;10004;2;10005;21;;;10000.0;1037.0
0;61700;BANANAS;4893;23;;;;;4899;2;4900;21;;;4896.0;774.6953125
0;61800;PEARLS;9996;2;9995;24;;;10004;2;10005;24;;;10000.0;1037.0
0;61800;BANANAS;4893;1;4892;24;;;4899;26;;;;;4896.0;768.640625
0;61900;PEARLS;9995;28;;;;;10002;8;10005;28;;;9998.5;1037.0
0;61900;BANANAS;4892;28;;;;;4897;8;4899;28;;;4894.5;764.890625
0;62000;PEARLS;9995;24;;;;;10005;24;;;;;10000.0;1037.0
0;62000;BANANAS;4892;24;;;;;4899;24;;;;;4895.5;757.3984375
0;62100;PEARLS;9996;2;9995;25;;;10002;3;10004;2;10005;25;9999.0;1037.0
0;62100;BANANAS;4892;27;;;;;4897;3;4898;2;4899;25;4894.5;758.71875
0;62200;PEARLS;9998;9;9996;2;9995;22;10004;2;10005;22;;;10001.0;1037.0
0;62200;BANANAS;4893;9;4892;24;;;4898;2;4899;22;;;4895.5;757.2734375
0;62300;PEARLS;9995;21;;;;;10005;21;;;;;10000.0;1037.0
0;62300;BANANAS;4892;21;;;;;4899;21;;;;;4895.5;759.9765625
0;62400;PEARLS;9995;24;;;;;10005;24;;;;;10000.0;1037.0
0;62400;BANANAS;4892;24;;;;;4899;24;;;;;4895.5;760.859375
0;62500;PEARLS;9996;2;9995;25;;;10004;2;10005;25;;;10000.0;1037.0
0;62500;BANANAS;4892;27;;;;;4899;27;;;;;4895.5;761.7421875
0;62600;PEARLS;9998;6;9996;1;9995;21;10004;1;10005;21;;;10001.0;1037.0
0;62600;BANANAS;4897;12;4893;7;4892;21;4899;22;;;;;4898.0;768.96875
0;62700;PEARLS;9998;3;9995;25;;;10005;25;;;;;10001.5;1037.0
0;62700;BANANAS;4894;4;4893;25;;;4900;25;;;;;4897.0;783.953125
0;62800;PEARLS;9995;22;;;;;10005;22;;;;;10000.0;1037.0
0;62800;BANANAS;4893;22;;;;;4899;22;;;;;4896.0;782.92578125
0;62900;PEARLS;10002;11;9998;3;9996;2;10004;2;10005;20;;;10003.0;1043.0
0;62900;BANANAS;4894;5;4893;20;;;4900;22;;;;;4897.0;786.703125
0;63000;PEARLS;9995;30;;;;;10005;30;;;;;10000.0;1065.0
0;63000;BANANAS;4893;30;;;;;4900;30;;;;;4896.5;784.06640625
0;63100;BANANAS;4893;30;;;;;4900;30;;;;;4896.5;812.078125
0;63100;PEARLS;9995;30;;;;;9998;1;10005;30;;;9996.5;1065.0
0;63200;PEARLS;9996;1;9995;24;;;10004;1;10005;24;;;10000.0;1067.0
0;63200;BANANAS;4893;25;;;;;4900;25;;;;;4896.5;810.0078125
0;63300;BANANAS;4899;1;4893;30;;;4900;30;;;;;4899.5;813.578125
0;63300;PEARLS;10002;4;9995;30;;;10005;30;;;;;10003.5;1067.0
0;63400;PEARLS;9996;2;9995;22;;;10004;2;10005;22;;;10000.0;1075.0
0;63400;BANANAS;4894;2;4893;22;;;4900;24;;;;;4897.0;814.2265625
0;63500;BANANAS;4893;28;;;;;4896;4;4900;28;;;4894.5;810.03125
0;63500;PEARLS;9995;28;;;;;10005;28;;;;;10000.0;1075.0
0;63600;PEARLS;9995;22;;;;;10005;22;;;;;10000.0;1075.0
0;63600;BANANAS;4899;1;4894;22;;;4900;22;;;;;4899.5;816.20703125
0;63700;BANANAS;4894;21;;;;;4899;7;4900;21;;;4896.5;819.53125
0;63700;PEARLS;9995;21;;;;;10000;5;10002;7;10005;21;9997.5;1075.0
0;63800;PEARLS;9996;1;9995;27;;;9998;1;10004;1;10005;27;9997.0;1075.0
0;63800;BANANAS;4894;28;;;;;4901;28;;;;;4897.5;824.1796875
0;63900;BANANAS;4894;22;;;;;4897;2;4901;22;;;4895.5;829.203125
0;63900;PEARLS;9995;22;;;;;10000;2;10005;22;;;9997.5;1077.0
0;64000;PEARLS;9995;30;;;;;9998;11;10002;10;10005;30;9996.5;1077.0
0;64000;BANANAS;4894;30;;;;;4895;1;4899;10;4901;30;4894.5;829.23046875
0;64100;BANANAS;4894;28;;;;;4899;4;4901;28;;;4896.5;827.21484375
0;64100;PEARLS;9996;2;9995;26;;;10002;4;10004;2;10005;26;9999.0;1089.0
0;64200;PEARLS;9996;2;9995;25;;;10004;2;10005;25;;;10000.0;1089.0
0;64200;BANANAS;4895;2;4894;25;;;4901;27;;;;;4898.0;829.27734375
0;64300;BANANAS;4896;4;4895;22;;;4901;2;4902;20;;;4898.5;833.953125
0;64300;PEARLS;9998;4;9996;2;9995;20;10004;2;10005;20;;;10001.0;1089.0
0;64400;PEARLS;9996;2;9995;27;;;10004;2;10005;27;;;10000.0;1089.0
0;64400;BANANAS;4894;29;;;;;4901;29;;;;;4897.5;823.921875
0;64500;PEARLS;9996;2;9995;20;;;10004;2;10005;20;;;10000.0;1089.0
0;64500;BANANAS;4895;22;;;;;4901;2;4902;20;;;4898.0;834.4453125
0;64600;PEARLS;9996;2;9995;27;;;10004;2;10005;27;;;10000.0;1089.0
0;64600;BANANAS;4895;29;;;;;4901;2;4902;27;;;4898.0;834.328125
0;64700;PEARLS;10002;1;9996;1;9995;28;10004;1;10005;28;;;10003.0;1089.0
0;64700;BANANAS;4895;29;;;;;4902;29;;;;;4898.5;836.0390625
0;64800;PEARLS;9996;1;9995;20;;;10004;1;10005;20;;;10000.0;1091.0
0;64800;BANANAS;4895;20;;;;;4902;21;;;;;4898.5;836.234375
0;64900;PEARLS;9996;2;9995;30;;;9998;4;10002;10;10004;2;9997.0;1091.0
0;64900;BANANAS;4895;32;;;;;4900;10;4902;32;;;4897.5;835.046875
0;65000;PEARLS;9996;1;9995;26;;;10002;5;10004;1;10005;26;9999.0;1093.0
0;65000;BANANAS;4895;27;;;;;4900;4;4902;27;;;4897.5;836.921875
0;65100;PEARLS;9998;10;9996;1;9995;25;10004;1;10005;25;;;10001.0;1093.0
0;65100;BANANAS;4896;10;4895;26;;;4902;26;;;;;4899.0;834.90234375
0;65200;PEARLS;9996;1;9995;28;;;10002;6;10004;1;10005;28;9999.0;1093.0
0;65200;BANANAS;4895;28;;;;;4900;6;4901;29;;;4897.5;831.734375
0;65300;PEARLS;9995;29;;;;;10002;9;10005;29;;;9998.5;1093.0
0;65300;BANANAS;4894;29;;;;;4899;9;4901;29;;;4896.5;829.0625
0;65400;PEARLS;9998;10;9995;21;;;10005;21;;;;;10001.5;1093.0
0;65400;BANANAS;4900;1;4895;10;4894;21;4901;21;;;;;4900.5;827.3125
0;65500;PEARLS;9995;20;;;;;10005;20;;;;;10000.0;1093.0
0;65500;BANANAS;4894;20;;;;;4901;20;;;;;4897.5;829.70703125
0;65600;PEARLS;9998;3;9995;20;;;10005;20;;;;;10001.5;1093.0
0;65600;BANANAS;4895;3;4894;20;;;4901;20;;;;;4898.0;822.83203125
0;65700;PEARLS;9995;24;;;;;10005;24;;;;;10000.0;1093.0
0;65700;BANANAS;4894;23;;;;;4901;24;;;;;4897.5;826.765625
0;65800;PEARLS;10002;4;9995;30;;;10005;30;;;;;10003.5;1093.0
0;65800;BANANAS;4894;30;;;;;4901;30;;;;;4897.5;828.65625
0;65900;PEARLS;9996;2;9995;24;;;10004;2;10005;24;;;10000.0;1101.0
0;65900;BANANAS;4895;2;4894;24;;;4901;26;;;;;4898.0;831.2265625
0;66000;PEARLS;9996;1;9995;24;;;10004;1;10005;24;;;10000.0;1101.0
0;66000;BANANAS;4897;6;4894;25;;;4901;25;;;;;4899.0;830.380859375
0;66100;PEARLS;9996;2;9995;23;;;10004;2;10005;23;;;10000.0;1101.0
0;66100;BANANAS;4899;1;4894;2;4893;23;4900;25;;;;;4899.5;826.302734375
0;66200;PEARLS;10002;1;9996;1;9995;22;10004;1;10005;22;;;10003.0;1107.0
0;66200;BANANAS;4894;23;;;;;4900;1;4901;22;;;4897.0;831.712890625
0;66300;PEARLS;10000;3;9995;20;;;10002;5;10005;20;;;10001.0;1109.0
0;66300;BANANAS;4898;6;4893;20;;;4900;20;;;;;4899.0;830.162109375
0;66400;PEARLS;9996;2;9995;24;;;10004;2;10005;24;;;10000.0;1109.0
0;66400;BANANAS;4893;26;;;;;4899;26;;;;;4896.0;839.869140625
0;66500;PEARLS;9996;1;9995;30;;;10004;1;10005;30;;;10000.0;1109.0
0;66500;BANANAS;4897;1;4892;31;;;4898;1;4899;30;;;4897.5;842.3466796875
0;66600;PEARLS;10002;3;9998;1;9996;2;10004;2;10005;29;;;10003.0;1109.0
0;66600;BANANAS;4896;1;4893;1;4892;31;4898;2;4899;29;;;4897.0;844.478515625
0;66700;PEARLS;9996;1;9995;25;;;10004;1;10005;25;;;10000.0;1115.0
0;66700;BANANAS;4896;2;4892;26;;;4898;26;;;;;4897.0;845.11328125
0;66800;PEARLS;9996;1;9995;25;;;10004;1;10005;25;;;10000.0;1115.0
0;66800;BANANAS;4891;26;;;;;4898;26;;;;;4894.5;847.181640625
0;66900;PEARLS;9995;20;;;;;10005;20;;;;;10000.0;1115.0
0;66900;BANANAS;4891;20;;;;;4898;20;;;;;4894.5;846.302734375
0;67000;PEARLS;9998;1;9996;2;9995;22;10004;2;10005;22;;;10001.0;1115.0
0;67000;BANANAS;4892;3;4891;22;;;4898;24;;;;;4895.0;846.166015625
0;67100;PEARLS;9996;1;9995;25;;;10004;1;10005;25;;;10000.0;1115.0
0;67100;BANANAS;4891;26;;;;;4898;26;;;;;4894.5;846.49609375
0;67200;PEARLS;9995;23;;;;;10005;23;;;;;10000.0;1115.0
0;67200;BANANAS;4891;23;;;;;4898;23;;;;;4894.5;847.986328125
0;67300;PEARLS;9996;1;9995;21;;;10004;1;10005;21;;;10000.0;1115.0
0;67300;BANANAS;4890;21;;;;;4891;8;4897;22;;;4890.5;849.8125
0;67400;PEARLS;9996;1;9995;28;;;10004;1;10005;28;;;10000.0;1115.0
0;67400;BANANAS;4891;29;;;;;4897;1;4898;28;;;4894.0;873.529296875
0;67500;BANANAS;4891;22;;;;;4898;22;;;;;4894.5;875.97265625
0;67500;PEARLS;9995;22;;;;;10005;22;;;;;10000.0;1130.0
0;67600;BANANAS;4891;26;;;;;4897;26;;;;;4894.0;873.15625
0;67600;PEARLS;9996;1;9995;25;;;10004;1;10005;25;;;10000.0;1130.0
0;67700;PEARLS;9996;2;9995;21;;;10000;3;10004;2;10005;21;9998.0;1130.0
0;67700;BANANAS;4891;23;;;;;4898;23;;;;;4894.5;875.412109375
0;67800;PEARLS;9996;2;9995;30;;;10004;2;10005;30;;;10000.0;1130.0
0;67800;BANANAS;4892;32;;;;;4898;32;;;;;4895.0;876.978515625
0;67900;BANANAS;4892;26;;;;;4899;26;;;;;4895.5;923.0546875
0;67900;PEARLS;9995;26;;;;;10005;26;;;;;10000.0;1145.0
0;68000;BANANAS;4892;25;;;;;4897;5;4899;25;;;4894.5;916.25
0;68000;PEARLS;9995;25;;;;;10002;5;10005;25;;;9998.5;1145.0
0;68100;PEARLS;9996;1;9995;26;;;10002;8;10004;1;10005;26;9999.0;1145.0
0;68100;BANANAS;4892;27;;;;;4897;8;4898;1;4899;26;4894.5;911.59375
0;68200;PEARLS;9996;1;9995;23;;;9998;1;10004;1;10005;23;9997.0;1145.0
0;68200;BANANAS;4892;24;;;;;4893;2;4898;1;4899;23;4892.5;911.7265625
0;68300;BANANAS;4891;25;;;;;4892;7;4896;4;4898;26;4891.5;905.8125
0;68300;PEARLS;9996;1;9995;25;;;10002;4;10004;1;10005;25;9999.0;1145.0
0;68400;BANANAS;4892;31;;;;;4898;31;;;;;4895.0;907.875
0;68400;PEARLS;10002;1;9996;1;9995;30;10004;1;10005;30;;;10003.0;1145.0
0;68500;PEARLS;9996;1;9995;22;;;10004;1;10005;22;;;10000.0;1147.0
0;68500;BANANAS;4897;1;4892;23;;;4899;23;;;;;4898.0;917.109375
0;68600;PEARLS;9995;27;;;;;9998;1;10005;27;;;9996.5;1150.0
0;68600;BANANAS;4892;27;;;;;4899;27;;;;;4895.5;923.125
0;68700;BANANAS;4894;10;4893;22;;;4899;22;;;;;4896.5;930.1171875
0;68700;PEARLS;9998;10;9996;2;9995;20;10004;2;10005;20;;;10001.0;1152.0
0;68800;BANANAS;4893;31;;;;;4898;1;4900;31;;;4895.5;942.171875
0;68800;PEARLS;9996;1;9995;30;;;10000;6;10002;1;10004;1;9998.0;1152.0
0;68900;PEARLS;9998;3;9996;2;9995;23;10004;2;10005;23;;;10001.0;1152.0
0;68900;BANANAS;4897;4;4894;3;4893;25;4899;2;4900;23;;;4898.0;935.2265625
0;69000;PEARLS;9996;1;9995;27;;;10004;1;10005;27;;;10000.0;1152.0
0;69000;BANANAS;4893;28;;;;;4900;28;;;;;4896.5;941.765625
0;69100;PEARLS;9996;1;9995;25;;;10004;1;10005;25;;;10000.0;1152.0
0;69100;BANANAS;4893;26;;;;;4900;26;;;;;4896.5;941.7578125
0;69200;PEARLS;9996;1;9995;20;;;10002;8;10004;1;10005;20;9999.0;1152.0
0;69200;BANANAS;4893;21;;;;;4898;8;4899;1;4900;20;4895.5;939.7734375
0;69300;PEARLS;9996;1;9995;23;;;10004;1;10005;23;;;10000.0;1152.0
0;69300;BANANAS;4893;24;;;;;4896;6;4899;1;4900;23;4894.5;937.9921875
0;69400;PEARLS;9995;22;;;;;10005;22;;;;;10000.0;1152.0
0;69400;BANANAS;4893;22;;;;;4900;22;;;;;4896.5;940.53125
0;69500;PEARLS;9996;1;9995;30;;;10002;8;10004;1;10005;30;9999.0;1152.0
0;69500;BANANAS;4893;31;;;;;4898;8;4900;31;;;4895.5;943.5859375
0;69600;PEARLS;9996;2;9995;25;;;10004;2;10005;25;;;10000.0;1152.0
0;69600;BANANAS;4893;27;;;;;4900;27;;;;;4896.5;945.546875
0;69700;PEARLS;10002;1;9996;2;9995;24;10004;2;10005;24;;;10003.0;1152.0
0;69700;BANANAS;4894;26;;;;;4901;26;;;;;4897.5;955.8671875
0;69800;PEARLS;9996;1;9995;22;;;10004;1;10005;22;;;10000.0;1154.0
0;69800;BANANAS;4894;22;;;;;4901;23;;;;;4897.5;961.7734375
0;69900;PEARLS;10002;1;9998;10;9996;2;10004;2;10005;24;;;10003.0;1154.0
0;69900;BANANAS;4896;10;4895;26;;;4901;2;4902;24;;;4898.5;969.015625
0;70000;PEARLS;9996;2;9995;28;;;10004;2;10005;28;;;10000.0;1156.0
0;70000;BANANAS;4895;30;;;;;4902;30;;;;;4898.5;973.2890625
0;70100;PEARLS;10002;1;9995;27;;;10005;27;;;;;10003.5;1156.0
0;70100;BANANAS;4895;26;;;;;4902;27;;;;;4898.5;968.640625
0;70200;PEARLS;9996;2;9995;28;;;10004;2;10005;28;;;10000.0;1158.0
0;70200;BANANAS;4896;2;4895;28;;;4902;30;;;;;4899.0;980.0625
0;70300;PEARLS;9998;10;9996;1;9995;24;10004;1;10005;24;;;10001.0;1158.0
0;70300;BANANAS;4896;11;4895;24;;;4902;25;;;;;4899.0;977.953125
0;70400;PEARLS;10002;13;9996;2;9995;29;10004;2;10005;29;;;10003.0;1161.0
0;70400;BANANAS;4895;31;;;;;4902;31;;;;;4898.5;972.359375
0;70500;PEARLS;10002;1;9995;21;;;10005;21;;;;;10003.5;1187.0
0;70500;BANANAS;4898;4;4895;21;;;4902;21;;;;;4900.0;972.1171875
0;70600;PEARLS;10002;1;10000;3;9996;1;10004;1;10005;22;;;10003.0;1189.0
0;70600;BANANAS;4894;22;;;;;4901;23;;;;;4897.5;966.1328125
0;70700;PEARLS;9995;27;;;;;10005;27;;;;;10000.0;1191.0
0;70700;BANANAS;4894;27;;;;;4901;27;;;;;4897.5;965.671875
0;70800;PEARLS;9996;2;9995;20;;;9998;5;10002;8;10004;2;9997.0;1194.0
0;70800;BANANAS;4895;2;4894;20;;;4899;8;4901;22;;;4897.0;964.82421875
0;70900;PEARLS;9995;21;;;;;10005;21;;;;;10000.0;1204.0
0;70900;BANANAS;4894;21;;;;;4895;1;4901;21;;;4894.5;965.63671875
0;71000;PEARLS;9996;2;9995;28;;;9998;3;10004;2;10005;28;9997.0;1204.0
0;71000;BANANAS;4895;8;4894;30;;;4901;30;;;;;4898.0;961.203125
0;71100;PEARLS;9998;4;9995;30;;;10005;30;;;;;10001.5;1210.0
0;71100;BANANAS;4896;4;4895;30;;;4902;30;;;;;4899.0;973.46875
0;71200;PEARLS;9996;1;9995;27;;;9998;1;10004;1;10005;27;9997.0;1210.0
0;71200;BANANAS;4896;1;4895;27;;;4902;28;;;;;4899.0;983.0
0;71300;PEARLS;9996;2;9995;28;;;10004;2;10005;28;;;10000.0;1212.0
0;71300;BANANAS;4896;2;4895;28;;;4902;30;;;;;4899.0;982.328125
0;71400;PEARLS;10002;2;9996;2;9995;25;10004;2;10005;25;;;10003.0;1212.0
0;71400;BANANAS;4895;27;;;;;4902;27;;;;;4898.5;976.8046875
0;71500;PEARLS;9995;26;;;;;10005;26;;;;;10000.0;1228.0
0;71500;BANANAS;4895;26;;;;;4902;26;;;;;4898.5;977.09375
0;71600;PEARLS;9998;7;9996;2;9995;29;10004;2;10005;29;;;10001.0;1228.0
0;71600;BANANAS;4896;7;4895;31;;;4902;31;;;;;4899.0;976.875
0;71700;PEARLS;9996;1;9995;25;;;9998;1;10004;1;10005;25;9997.0;1228.0
0;71700;BANANAS;4895;26;;;;;4901;1;4902;25;;;4898.0;974.203125
0;71800;PEARLS;9995;22;;;;;9998;1;10005;22;;;9996.5;1233.0
0;71800;BANANAS;4894;22;;;;;4901;22;;;;;4897.5;969.359375
0;71900;BANANAS;4894;30;;;;;4895;1;4901;30;;;4894.5;962.921875
0;71900;PEARLS;9996;2;9995;28;;;10004;2;10005;28;;;10000.0;1235.0
0;72000;PEARLS;9998;2;9996;1;9995;23;10004;1;10005;23;;;10001.0;1235.0
0;72000;BANANAS;4896;6;4894;2;4893;24;4900;24;;;;;4898.0;950.5390625
0;72100;BANANAS;4893;26;;;;;4900;26;;;;;4896.5;949.7578125
0;72100;PEARLS;9996;2;9995;24;;;9998;1;10004;2;10005;24;9997.0;1235.0
0;72200;PEARLS;9995;25;;;;;9998;1;10005;25;;;9996.5;1237.0
0;72200;BANANAS;4892;25;;;;;4899;25;;;;;4895.5;939.9921875
0;72300;BANANAS;4893;23;;;;;4899;1;4900;22;;;4896.0;944.0078125
0;72300;PEARLS;9996;1;9995;22;;;10004;1;10005;22;;;10000.0;1239.0
0;72400;PEARLS;9995;25;;;;;10005;25;;;;;10000.0;1239.0
0;72400;BANANAS;4893;25;;;;;4900;25;;;;;4896.5;945.65625
0;72500;BANANAS;4893;22;;;;;4899;2;4900;20;;;4896.0;947.046875
0;72500;PEARLS;10000;4;9996;2;9995;20;10004;2;10005;20;;;10002.0;1239.0
0;72600;PEARLS;9998;8;9995;28;;;10005;28;;;;;10001.5;1239.0
0;72600;BANANAS;4896;4;4893;8;4892;28;4899;28;;;;;4897.5;934.921875
0;72700;BANANAS;4892;28;;;;;4899;28;;;;;4895.5;940.640625
0;72700;PEARLS;9995;28;;;;;10005;28;;;;;10000.0;1239.0
0;72800;PEARLS;9996;2;9995;27;;;10004;2;10005;27;;;10000.0;1239.0
0;72800;BANANAS;4893;29;;;;;4899;2;4900;27;;;4896.0;944.0625
0;72900;BANANAS;4893;23;;;;;4897;4;4899;23;;;4895.0;942.7421875
0;72900;PEARLS;9996;1;9995;22;;;10002;4;10004;1;10005;22;9999.0;1239.0
0;73000;PEARLS;9995;21;;;;;10005;21;;;;;10000.0;1239.0
0;73000;BANANAS;4893;21;;;;;4900;21;;;;;4896.5;948.5078125
0;73100;BANANAS;4893;28;;;;;4895;2;4897;7;4899;28;4894.0;942.96875
0;73100;PEARLS;9996;1;9995;27;;;10002;7;10004;1;10005;27;9999.0;1239.0
0;73200;PEARLS;9996;1;9995;23;;;10002;7;10004;1;10005;23;9999.0;1239.0
0;73200;BANANAS;4893;24;;;;;4898;7;4900;24;;;4895.5;947.6015625
0;73300;BANANAS;4893;25;;;;;4900;25;;;;;4896.5;948.6484375
0;73300;PEARLS;9996;2;9995;23;;;10004;2;10005;23;;;10000.0;1239.0
0;73400;PEARLS;9995;30;;;;;10002;6;10005;30;;;9998.5;1239.0
0;73400;BANANAS;4893;30;;;;;4898;7;4900;30;;;4895.5;945.70703125
0;73500;PEARLS;9998;6;9996;1;9995;24;10004;1;10005;24;;;10001.0;1239.0
0;73500;BANANAS;4898;12;4894;6;4893;25;4899;25;;;;;4898.5;943.55078125
0;73600;PEARLS;9995;30;;;;;9998;1;10005;30;;;9996.5;1239.0
0;73600;BANANAS;4893;30;;;;;4900;30;;;;;4896.5;967.0
0;73700;PEARLS;10002;4;9995;25;;;10005;25;;;;;10003.5;1247.0
0;73700;BANANAS;4892;25;;;;;4899;25;;;;;4895.5;970.5244140625
0;73800;PEARLS;9998;1;9996;1;9995;21;10004;1;10005;21;;;10001.0;1255.0
0;73800;BANANAS;4893;1;4892;22;;;4899;22;;;;;4896.0;970.2392578125
0;73900;PEARLS;9995;27;;;;;10005;27;;;;;10000.0;1255.0
0;73900;BANANAS;4892;27;;;;;4899;27;;;;;4895.5;989.265625
0;74000;PEARLS;10000;5;9996;2;9995;27;10004;2;10005;27;;;10002.0;1261.0
0;74000;BANANAS;4892;29;;;;;4893;2;4898;2;4899;27;4892.5;1000.5546875
0;74100;PEARLS;9998;5;9996;1;9995;23;10004;1;10005;23;;;10001.0;1261.0
0;74100;BANANAS;4892;29;;;;;4898;24;;;;;4895.0;1009.7890625
0;74200;PEARLS;9996;1;9995;30;;;10002;1;10004;1;10005;30;9999.0;1261.0
0;74200;BANANAS;4892;1;4891;30;;;4896;1;4898;31;;;4894.0;1020.9765625
0;74300;PEARLS;9998;6;9996;1;9995;26;10004;1;10005;26;;;10001.0;1261.0
0;74300;BANANAS;4897;1;4892;8;4891;26;4898;27;;;;;4897.5;1021.3671875
0;74400;PEARLS;9996;2;9995;21;;;10004;2;10005;21;;;10000.0;1264.0
0;74400;BANANAS;4891;23;;;;;4898;23;;;;;4894.5;1030.0078125
0;74500;PEARLS;9996;2;9995;24;;;10004;2;10005;24;;;10000.0;1264.0
0;74500;BANANAS;4896;1;4895;1;4891;26;4897;26;;;;;4896.5;1034.8671875
0;74600;PEARLS;9996;2;9995;27;;;9998;2;10004;2;10005;27;9997.0;1264.0
0;74600;BANANAS;4891;2;4890;27;;;4897;29;;;;;4894.0;1040.6875
0;74700;PEARLS;9996;1;9995;26;;;10004;1;10005;26;;;10000.0;1268.0
0;74700;BANANAS;4890;27;;;;;4893;6;4896;1;4897;26;4891.5;1049.04296875
0;74800;PEARLS;9996;2;9995;24;;;10004;2;10005;24;;;10000.0;1268.0
0;74800;BANANAS;4890;26;;;;;4896;26;;;;;4893.0;1049.53515625
0;74900;PEARLS;9996;1;9995;27;;;10004;1;10005;27;;;10000.0;1268.0
0;74900;BANANAS;4890;28;;;;;4896;1;4897;27;;;4893.0;1047.61328125
0;75000;PEARLS;9996;1;9995;21;;;9998;4;10004;1;10005;21;9997.0;1268.0
0;75000;BANANAS;4890;22;;;;;4896;22;;;;;4893.0;1050.52734375
0;75100;PEARLS;9996;2;9995;26;;;10002;8;10004;2;10005;26;9999.0;1279.0
0;75100;BANANAS;4890;28;;;;;4895;8;4897;28;;;4892.5;1045.3125
0;75200;PEARLS;9996;1;9995;30;;;10004;1;10005;30;;;10000.0;1279.0
0;75200;BANANAS;4890;31;;;;;4893;6;4897;31;;;4891.5;1045.7890625
0;75300;PEARLS;9998;7;9996;1;9995;26;10004;1;10005;26;;;10001.0;1279.0
0;75300;BANANAS;4892;8;4891;26;;;4898;27;;;;;4895.0;1028.8359375
0;75400;PEARLS;9995;25;;;;;10005;25;;;;;10000.0;1279.0
0;75400;BANANAS;4892;25;;;;;4899;25;;;;;4895.5;1023.59375
0;75500;PEARLS;9996;1;9995;22;;;10004;1;10005;22;;;10000.0;1279.0
0;75500;BANANAS;4892;23;;;;;4898;23;;;;;4895.0;1027.66015625
0;75600;PEARLS;9996;2;9995;23;;;9998;9;10004;2;10005;23;9997.0;1285.0
0;75600;BANANAS;4892;25;;;;;4898;2;4899;23;;;4895.0;1030.3203125
0;75700;PEARLS;9996;2;9995;25;;;10004;2;10005;25;;;10000.0;1303.0
0;75700;BANANAS;4898;1;4892;27;;;4899;27;;;;;4898.5;1025.08203125
0;75800;PEARLS;9996;2;9995;26;;;10002;3;10004;2;10005;26;9999.0;1309.0
0;75800;BANANAS;4892;28;;;;;4897;2;4899;28;;;4894.5;1043.0859375
0;75900;PEARLS;9996;2;9995;22;;;10004;2;10005;22;;;10000.0;1309.0
0;75900;BANANAS;4892;24;;;;;4893;3;4898;24;;;4892.5;1055.640625
0;76000;PEARLS;9998;8;9996;1;9995;30;10004;1;10005;30;;;10001.0;1309.0
0;76000;BANANAS;4893;8;4892;31;;;4898;31;;;;;4895.5;1061.328125
0;76100;PEARLS;10002;1;9995;28;;;10005;28;;;;;10003.5;1309.0
0;76100;BANANAS;4892;28;;;;;4899;28;;;;;4895.5;1058.640625
0;76200;PEARLS;9998;9;9995;28;;;10005;28;;;;;10001.5;1311.0
0;76200;BANANAS;4893;9;4892;28;;;4899;28;;;;;4896.0;1054.46875
0;76300;PEARLS;9998;7;9996;1;9995;21;10004;1;10005;21;;;10001.0;1311.0
0;76300;BANANAS;4893;7;4892;22;;;4899;22;;;;;4896.0;1054.921875
0;76400;PEARLS;9995;28;;;;;10005;28;;;;;10000.0;1311.0
0;76400;BANANAS;4892;28;;;;;4899;28;;;;;4895.5;1049.640625
0;76500;BANANAS;4893;28;;;;;4900;28;;;;;4896.5;1046.0078125
0;76500;PEARLS;10000;2;9995;28;;;10005;28;;;;;10002.5;1311.0
0;76600;BANANAS;4893;29;;;;;4900;29;;;;;4896.5;1059.24609375
0;76600;PEARLS;9995;29;;;;;10005;29;;;;;10000.0;1311.0
0;76700;PEARLS;9998;9;9996;1;9995;30;10004;1;10005;30;;;10001.0;1311.0
0;76700;BANANAS;4896;2;4894;9;4893;31;4900;31;;;;;4898.0;1062.6015625
0;76800;PEARLS;9995;25;;;;;10002;6;10005;25;;;9998.5;1311.0
0;76800;BANANAS;4893;25;;;;;4898;6;4900;25;;;4895.5;1061.5859375
0;76900;BANANAS;4894;4;4893;27;;;4900;29;;;;;4897.0;1061.044921875
0;76900;PEARLS;9998;3;9996;2;9995;27;10004;2;10005;27;;;10001.0;1311.0
0;77000;BANANAS;4893;28;;;;;4900;28;;;;;4896.5;1060.71875
0;77000;PEARLS;9995;28;;;;;10005;28;;;;;10000.0;1311.0
0;77100;PEARLS;9998;10;9995;22;;;10005;22;;;;;10001.5;1311.0
0;77100;BANANAS;4895;10;4894;22;;;4900;22;;;;;4897.5;1059.814453125
0;77200;PEARLS;9995;30;;;;;10005;30;;;;;10000.0;1311.0
0;77200;BANANAS;4894;30;;;;;4901;30;;;;;4897.5;1057.294921875
0;77300;BANANAS;4895;4;4894;25;;;4901;26;;;;;4898.0;1056.962890625
0;77300;PEARLS;9998;4;9996;1;9995;25;10004;1;10005;25;;;10001.0;1311.0
0;77400;BANANAS;4894;29;;;;;4901;29;;;;;4897.5;1057.662109375
0;77400;PEARLS;9996;2;9995;27;;;10004;2;10005;27;;;10000.0;1311.0
0;77500;PEARLS;9996;1;9995;23;;;10004;1;10005;23;;;10000.0;1311.0
0;77500;BANANAS;4895;24;;;;;4901;24;;;;;4898.0;1056.14453125
0;77600;PEARLS;9998;3;9995;30;;;10005;30;;;;;10001.5;1311.0
0;77600;BANANAS;4895;3;4894;30;;;4901;30;;;;;4898.0;1057.41015625
0;77700;BANANAS;4894;31;;;;;4901;31;;;;;4897.5;1057.837890625
0;77700;PEARLS;10002;1;9996;1;9995;30;10004;1;10005;30;;;10003.0;1311.0
0;77800;BANANAS;4895;2;4894;31;;;4901;31;;;;;4898.0;1057.50390625
0;77800;PEARLS;9998;2;9996;2;9995;29;10004;2;10005;29;;;10001.0;1313.0
0;77900;PEARLS;9996;2;9995;24;;;9998;1;10002;7;10004;2;9997.0;1313.0
0;77900;BANANAS;4895;2;4894;24;;;4899;6;4901;26;;;4897.0;1056.84765625
0;78000;PEARLS;9995;21;;;;;10005;21;;;;;10000.0;1315.0
0;78000;BANANAS;4894;21;;;;;4901;21;;;;;4897.5;1056.8125
0;78100;PEARLS;9995;24;;;;;10005;24;;;;;10000.0;1315.0
0;78100;BANANAS;4895;23;;;;;4901;24;;;;;4898.0;1056.1484375
0;78200;PEARLS;10002;1;9995;24;;;10005;24;;;;;10003.5;1315.0
0;78200;BANANAS;4899;1;4894;24;;;4901;24;;;;;4900.0;1057.955078125
0;78300;PEARLS;9995;25;;;;;10005;25;;;;;10000.0;1317.0
0;78300;BANANAS;4894;25;;;;;4900;25;;;;;4897.0;1061.724609375
0;78400;PEARLS;9995;25;;;;;10005;25;;;;;10000.0;1317.0
0;78400;BANANAS;4894;25;;;;;4901;25;;;;;4897.5;1060.9296875
0;78500;PEARLS;9996;2;9995;23;;;10004;2;10005;23;;;10000.0;1317.0
0;78500;BANANAS;4894;2;4893;23;;;4900;25;;;;;4897.0;1062.5703125
